595.320 841.920
44.6400 798.508 97.1312 7.2360 978-1-5386-8125-1/19/$31.00
143.853 798.508 22.0135 7.2360 ©2019
167.965 798.508 17.1413 7.2360 IEEE

120.740 32.6880 105.360 21.6000 Integration
232.100 32.6880 19.9920 21.6000 of
258.020 32.6880 107.952 21.6000 datamining
371.972 32.6880 102.720 21.6000 techniques

109.940 60.3080 37.4160 21.6000 into
153.356 60.3080 29.3280 21.6000 the
188.684 60.3080 47.8800 21.6000 CBR
242.564 60.3080 50.6400 21.6000 cycle
299.204 60.3080 18.7680 21.6000 to
323.972 60.3080 66.5760 21.6000 predict
396.548 60.3080 29.3280 21.6000 the
431.804 60.3080 53.3280 21.6000 result

160.340 87.9080 19.9920 21.6000 of
186.332 87.9080 151.992 21.6000 immunotherapy
344.324 87.9080 90.3120 21.6000 treatment

93.2640 125.873 24.8580 8.1000 Fatima
120.354 125.873 20.0070 8.1000 Saadi

53.4000 136.193 43.5600 8.1000 Laboratoire
99.1920 136.193 53.3970 8.1000 d'Informatique
154.821 136.193 25.3710 8.1000 d'Oran

106.700 146.513 20.4030 8.1000 (LIO)

47.1600 156.833 37.4580 8.1000 University
86.8500 156.833 7.0560 8.1000 of
96.1920 156.833 19.0170 8.1000 Oran
117.414 156.833 4.5000 8.1000 1
124.128 156.833 25.0110 8.1000 Ahmed
151.461 156.833 13.8600 8.1000 Ben
167.535 156.833 18.9990 8.1000 Bella

78.7440 167.273 20.2410 8.1000 Oran,
101.271 167.273 24.7860 8.1000 31000,
128.235 167.273 26.7750 8.1000 Algeria

71.9040 177.593 89.8200 8.1000 saadi_fatima@hotmail.fr

266.690 125.873 31.9680 8.1000 Baghdad
301.490 125.873 26.8760 8.1000 Atmani

234.050 136.193 43.5600 8.1000 Laboratoire
279.842 136.193 53.3970 8.1000 d'Informatique
335.471 136.193 25.3710 8.1000 d'Oran

287.330 146.513 20.4030 8.1000 (LIO)

227.810 156.833 37.4580 8.1000 University
267.500 156.833 7.0560 8.1000 of
276.842 156.833 19.0170 8.1000 Oran
298.064 156.833 4.5000 8.1000 1
304.778 156.833 25.0110 8.1000 Ahmed
332.111 156.833 13.8600 8.1000 Ben
348.185 156.833 18.9990 8.1000 Bella

259.370 167.273 20.2410 8.1000 Oran,
281.897 167.273 24.7860 8.1000 31000,
308.861 167.273 26.7750 8.1000 Algeria

245.690 177.593 103.761 8.1000 baghdad.atmani@gmail.com

454.660 125.873 22.5990 8.1000 Fouad
479.980 125.873 22.0500 8.1000 Henni

414.790 136.193 43.5600 8.1000 Laboratoire
460.582 136.193 53.3970 8.1000 d'Informatique
516.211 136.193 25.3710 8.1000 d'Oran

468.100 146.513 20.4030 8.1000 (LIO)

417.190 156.833 37.4580 8.1000 University
456.880 156.833 7.0560 8.1000 of
466.222 156.833 46.4400 8.1000 Mostaganem
514.912 156.833 24.4530 8.1000 (FSEI)

425.830 167.273 48.5460 8.1000 Mostaganem,
476.662 167.273 24.9030 8.1000 27000,
503.851 167.273 26.7750 8.1000 Algeria

427.150 177.593 102.285 8.1000 fouad.henni@univ-mosta.dz

58.9200 209.993 55.0170 8.1000 Abstract—The
116.169 209.993 43.9560 8.1000 functioning
162.447 209.993 7.4340 8.1000 of
172.158 209.993 12.0240 8.1000 the
186.540 209.993 29.7270 8.1000 medical
218.679 209.993 38.9070 8.1000 diagnostic
259.944 209.993 28.5480 8.1000 process

45.3600 220.313 6.0030 8.1000 is
53.8740 220.313 16.8570 8.1000 very
73.2960 220.313 45.3420 8.1000 comparable
121.131 220.313 7.4970 8.1000 to
131.085 220.313 11.9160 8.1000 the
145.593 220.313 28.3950 8.1000 pattern
176.418 220.313 7.4340 8.1000 of
186.363 220.313 12.0240 8.1000 the
200.862 220.313 19.0890 8.1000 CBR
222.444 220.313 21.4160 8.1000 cycle.
246.290 220.313 14.9130 8.1000 The
263.678 220.313 24.9840 8.1000 doctor

45.3600 230.783 19.4040 8.1000 often
67.4190 230.783 21.4920 8.1000 starts
91.5210 230.783 7.4970 8.1000 to
101.718 230.783 28.9350 8.1000 analyze
133.245 230.783 12.0330 8.1000 the
147.870 230.783 22.5720 8.1000 whole
173.052 230.783 33.5430 8.1000 situation
209.142 230.783 14.5890 8.1000 and
226.278 230.783 19.9350 8.1000 takes
248.940 230.783 39.4920 8.1000 advantage

45.3600 241.103 7.4340 8.1000 of
60.3450 241.103 32.8860 8.1000 previous
100.764 241.103 36.9630 8.1000 situations
145.260 241.103 31.9770 8.1000 resolved
184.707 241.103 44.9100 8.1000 successfully
237.222 241.103 7.5060 8.1000 in
252.216 241.103 21.2760 8.1000 order
281.007 241.103 7.4970 8.1000 to

45.3600 251.423 37.8390 8.1000 efficiently
86.1420 251.423 33.3990 8.1000 diagnose
122.358 251.423 4.5000 8.1000 a
129.666 251.423 15.3810 8.1000 new
148.134 251.423 35.4960 8.1000 situation.
186.650 251.423 21.0240 8.1000 More
210.509 251.423 37.6290 8.1000 generally,
251.027 251.423 13.9230 8.1000 this
267.821 251.423 20.7900 8.1000 mode

45.3600 261.743 7.4340 8.1000 of
56.3850 261.743 39.1860 8.1000 operation,
99.1800 261.743 22.0230 8.1000 based
124.713 261.743 9.5580 8.1000 on
137.781 261.743 40.9410 8.1000 experience
182.394 261.743 14.4720 8.1000 and
200.493 261.743 32.2200 8.1000 analogy,
236.322 261.743 13.4010 8.1000 can
253.610 261.743 8.9190 8.1000 be
266.090 261.743 22.6170 8.1000 found

45.3600 272.183 40.8420 8.1000 practically
89.2440 272.183 7.5060 8.1000 in
99.6750 272.183 9.4410 8.1000 all
112.131 272.183 39.0060 8.1000 diagnostic
154.089 272.183 20.5380 8.1000 fields
177.597 272.183 35.1990 8.1000 (medical,
215.820 272.183 39.6540 8.1000 industrial,
258.770 272.183 18.4500 8.1000 etc.).
280.250 272.183 8.5050 8.1000 In

45.3600 282.503 13.9230 8.1000 this
61.6680 282.503 22.1580 8.1000 work,
86.2380 282.503 10.7100 8.1000 we
99.3060 282.503 30.2850 8.1000 propose
131.931 282.503 12.0330 8.1000 the
146.420 282.503 42.5340 8.1000 integration
191.267 282.503 7.5000 8.1000 of
201.278 282.503 43.8390 8.1000 datamining
247.565 282.503 41.0220 8.1000 techniques

45.3600 292.823 7.5240 8.1000 in
55.2000 292.823 11.9160 8.1000 the
69.5910 292.823 19.0890 8.1000 CBR
91.0560 292.823 18.9720 8.1000 cycle
112.404 292.823 11.4390 8.1000 for
126.318 292.823 29.8350 8.1000 medical
158.565 292.823 31.0230 8.1000 decision
192.018 292.823 32.1210 8.1000 support.
226.560 292.823 17.0370 8.1000 This
246.170 292.823 42.5430 8.1000 integration

45.3600 303.143 17.8830 8.1000 aims
67.7700 303.143 7.4970 8.1000 to
79.7670 303.143 31.9230 8.1000 improve
116.208 303.143 11.9160 8.1000 the
132.642 303.143 49.4370 8.1000 performance
186.597 303.143 7.4340 8.1000 of
198.585 303.143 11.9160 8.1000 the
215.019 303.143 32.8410 8.1000 retrieval
252.432 303.143 22.0050 8.1000 phase
278.937 303.143 9.5310 8.1000 by

45.3600 313.583 33.8850 8.1000 reducing
82.2870 313.583 11.9160 8.1000 the
97.2810 313.583 30.3750 8.1000 number
130.608 313.583 7.4340 8.1000 of
141.156 313.583 37.4400 8.1000 attributes
181.700 313.583 41.5620 8.1000 considered
226.169 313.583 7.5060 8.1000 in
236.690 313.583 12.0330 8.1000 the
251.675 313.583 37.1070 8.1000 similarity

45.3600 323.903 41.9400 8.1000 calculation
95.2470 323.903 31.0230 8.1000 through
134.217 323.903 11.9160 8.1000 the
154.125 323.903 33.0660 8.1000 selection
195.138 323.903 7.4340 8.1000 of
210.609 323.903 11.9160 8.1000 the
230.643 323.903 18.3690 8.1000 most
257.022 323.903 31.5360 8.1000 relevant

45.3600 334.223 39.5820 8.1000 attributes.
88.2240 334.223 10.5030 8.1000 To
101.895 334.223 31.9460 8.1000 evaluate
137.036 334.223 13.4730 8.1000 our
153.704 334.223 38.6910 8.1000 approach,
195.527 334.223 10.7100 8.1000 we
209.432 334.223 17.7930 8.1000 have
230.420 334.223 43.0020 8.1000 customized
276.572 334.223 12.0240 8.1000 the

45.3600 344.543 42.0300 8.1000 jCOLIBRI
90.4680 344.543 11.2140 8.1000 2.1
104.850 344.543 42.8940 8.1000 framework
150.651 344.543 17.2170 8.1000 with
170.802 344.543 4.5000 8.1000 a
178.353 344.543 14.8590 8.1000 real
196.344 344.543 15.8940 8.1000 case
215.298 344.543 16.9650 8.1000 base
235.323 344.543 7.4970 8.1000 to
245.997 344.543 27.3690 8.1000 predict
276.462 344.543 11.9160 8.1000 the

45.3600 354.983 33.4080 8.1000 response
82.5840 354.983 7.4970 8.1000 to
93.8610 354.983 61.9290 8.1000 immunotherapy
159.678 354.983 37.7730 8.1000 treatment
201.285 354.983 11.4390 8.1000 for
216.650 354.983 30.4830 8.1000 patients
250.823 354.983 16.1370 8.1000 who
270.731 354.983 17.9100 8.1000 have

45.3600 365.303 28.4670 8.1000 plantar
76.0590 365.303 14.4810 8.1000 and
92.7270 365.303 32.9400 8.1000 common
127.962 365.303 21.6090 8.1000 warts
151.821 365.303 29.1330 8.1000 disease.

58.9200 385.583 65.2790 8.1000 Keywords—CBR,

142.091 385.583 46.7370 8.1000 Datamining,

206.690 385.583 32.4720 8.1000 Decision

256.970 385.583 31.7340 8.1000 Support,

45.3600 396.043 62.3900 8.1000 Immunotherapy,
109.940 396.043 41.7300 8.1000 jCOLIBRI,
153.956 396.043 21.9690 8.1000 Warts
178.175 396.043 28.7640 8.1000 disease.

129.980 416.387 5.8500 8.9640 I.

150.860 416.387 60.9746 8.9640 INTRODUCTION

59.7840 431.387 13.8643 8.9640 For
78.1204 431.387 20.7268 8.9640 some
103.460 431.387 29.2824 8.9640 doctors
137.180 431.387 12.6344 8.9640 it’s
154.220 431.387 27.3900 8.9640 always
186.241 431.387 31.7923 8.9640 difficult
222.575 431.387 7.6194 8.9640 to
234.676 431.387 35.2484 8.9640 diagnose
274.377 431.387 14.2229 8.9640 and

45.3600 442.307 17.0216 8.9640 give
64.9115 442.307 4.4222 8.9640 a
71.8636 442.307 30.5672 8.9640 specific
104.960 442.307 37.2006 8.9640 treatment
144.651 442.307 11.4938 8.9640 for
158.684 442.307 18.0475 8.9640 each
179.202 442.307 29.3820 8.9640 patient.
210.885 442.307 20.5574 8.9640 They
233.793 442.307 20.3084 8.9640 often
256.571 442.307 21.9319 8.9640 strive
280.914 442.307 7.6194 8.9640 to

45.3600 453.227 27.4697 8.9640 predict
76.7738 453.227 24.0534 8.9640 which
104.731 453.227 37.3201 8.9640 treatment
145.995 453.227 13.2169 8.9640 has
163.147 453.227 4.4222 8.9640 a
171.423 453.227 22.5096 8.9640 better
197.797 453.227 26.9916 8.9640 impact
228.614 453.227 10.0098 8.9640 on
242.518 453.227 4.4222 8.9640 a
250.675 453.227 37.8580 8.9640 particular

45.3600 464.147 29.3621 8.9640 patient.
79.8913 464.147 15.4480 8.9640 The
100.508 464.147 38.4356 8.9640 reasoning
144.153 464.147 18.0674 8.9640 used
167.310 464.147 7.7489 8.9640 in
180.258 464.147 31.3043 8.9640 medical
216.721 464.147 37.6474 8.9640 diagnosis
259.478 464.147 6.6433 8.9640 is
271.231 464.147 17.5694 8.9640 very

45.3600 475.067 27.4398 8.9640 similar
75.4591 475.067 7.6194 8.9640 to
85.7578 475.067 11.9819 8.9640 the
100.389 475.067 19.1830 8.9640 Case
122.101 475.067 24.2725 8.9640 Based
148.963 475.067 41.9098 8.9640 Reasoning
193.443 475.067 26.4637 8.9640 (CBR)
222.456 475.067 52.2302 8.9640 methodology
277.137 475.067 11.5835 8.9640 for

45.3600 485.987 33.0274 8.9640 problem
80.9670 485.987 41.9316 8.9640 resolution,
125.557 485.987 24.0534 8.9640 which
152.310 485.987 42.3798 8.9640 constitutes
197.170 485.987 9.4022 8.9640 an
209.162 485.987 19.3224 8.9640 ideal
231.104 485.987 43.3360 8.9640 framework
277.129 485.987 11.3544 8.9640 for

45.3600 497.027 12.1014 8.9640 the
59.8817 497.027 25.9657 8.9640 design
88.1780 497.027 8.3465 8.9640 of
98.8352 497.027 33.0473 8.9640 decision
134.213 497.027 29.6410 8.9640 support
166.244 497.027 33.6947 8.9640 systems.

59.7840 513.947 15.4579 8.9640 The
83.6482 513.947 29.7804 8.9640 process
121.655 513.947 8.3465 8.9640 of
138.428 513.947 19.8403 8.9640 CBR
166.734 513.947 18.0276 8.9640 goes
193.238 513.947 30.7664 8.9640 through
232.450 513.947 27.9577 8.9640 several
268.924 513.947 19.7009 8.9640 steps

45.3600 524.867 129.343 8.9640 (Retrieve-Reuse-Revise-Retain).
180.599 524.867 13.8942 8.9640 We
200.570 524.867 12.0914 8.9640 are
218.667 524.867 38.3161 8.9640 interested
263.049 524.867 7.7489 8.9640 in
276.714 524.867 11.9819 8.9640 the

45.3600 535.787 32.9676 8.9640 retrieval
84.3235 535.787 22.5295 8.9640 phase
112.858 535.787 31.4138 8.9640 because
150.159 535.787 8.3465 8.9640 of
164.531 535.787 9.2827 8.9640 its
179.879 535.787 41.7722 8.9640 significant
227.628 535.787 26.8820 8.9640 impact
260.496 535.787 10.0098 8.9640 on
276.551 535.787 12.1014 8.9640 the

45.3600 546.737 49.9693 8.9640 performance
98.1082 546.737 8.3465 8.9640 of
109.243 546.737 14.3424 8.9640 any
126.275 546.737 45.8742 8.9640 CBR-based
175.067 546.737 29.7406 8.9640 system.
207.696 546.737 17.7985 8.9640 This
228.204 546.737 15.9061 8.9640 step
246.909 546.737 31.3640 8.9640 consists
281.101 546.737 7.7489 8.9640 in

45.3600 557.657 40.4340 8.9640 searching,
89.1605 557.657 26.9318 8.9640 among
119.498 557.657 34.0931 8.9640 previous
157.027 557.657 23.3960 8.9640 cases,
183.790 557.657 20.9758 8.9640 those
208.132 557.657 17.4798 8.9640 with
228.998 557.657 4.4222 8.9640 a
236.907 557.657 33.0473 8.9640 problem
273.241 557.657 15.3583 8.9640 part

45.3600 568.577 27.4398 8.9640 similar
75.8177 568.577 7.6194 8.9640 to
86.4749 568.577 11.9819 8.9640 the
101.464 568.577 16.5336 8.9640 new
120.777 568.577 34.1329 8.9640 situation
157.838 568.577 7.6194 8.9640 to
168.385 568.577 37.6388 8.9640 diagnose.
208.913 568.577 15.4480 8.9640 The
227.249 568.577 32.9776 8.9640 retrieval
263.105 568.577 16.1271 8.9640 step
282.150 568.577 6.5138 8.9640 is

45.3600 579.497 22.5893 8.9640 based
70.3098 579.497 10.0098 8.9640 on
82.7698 579.497 12.1014 8.9640 the
97.2815 579.497 37.8779 8.9640 similarity
137.470 579.497 32.3102 8.9640 calculus
172.260 579.497 32.9377 8.9640 between
207.648 579.497 14.7010 8.9640 two
224.908 579.497 39.1926 8.9640 problems.

59.7840 596.417 41.8918 8.9640 Improving
104.604 596.417 11.9819 8.9640 the
119.474 596.417 32.9676 8.9640 retrieval
155.439 596.417 15.7766 8.9640 step
174.254 596.417 15.3882 8.9640 will
192.481 596.417 22.0614 8.9640 allow
217.301 596.417 4.4222 8.9640 a
224.731 596.417 17.0914 8.9640 gain
244.761 596.417 7.7489 8.9640 in
255.428 596.417 21.8622 8.9640 terms
280.248 596.417 8.3465 8.9640 of

45.3600 607.337 17.4997 8.9640 time
66.7043 607.337 24.0534 8.9640 which
94.4130 607.337 6.6433 8.9640 is
104.721 607.337 14.3723 8.9640 one
122.699 607.337 8.3465 8.9640 of
134.671 607.337 12.1014 8.9640 the
150.378 607.337 19.2029 8.9640 most
173.286 607.337 38.5054 8.9640 important
215.367 607.337 26.8920 8.9640 factors
245.934 607.337 7.7489 8.9640 in
257.318 607.337 31.3142 8.9640 medical

45.3600 618.257 39.9197 8.9640 diagnosis.
90.1003 618.257 41.2145 8.9640 Regarding
136.165 618.257 12.1014 8.9640 the
153.077 618.257 41.1946 8.9640 adaptation
199.003 618.257 25.0394 8.9640 phase,
228.853 618.257 7.7489 8.9640 in
241.442 618.257 19.2029 8.9640 most
265.545 618.257 23.4210 8.9640 CBR-

45.3600 629.177 22.5893 8.9640 based
71.0170 629.177 31.1250 8.9640 systems
105.219 629.177 14.3225 8.9640 this
122.609 629.177 15.9502 8.9640 step
141.607 629.177 6.6433 8.9640 is
151.199 629.177 13.2070 8.9640 left
167.264 629.177 7.7489 8.9640 to
178.051 629.177 12.1014 8.9640 the
193.041 629.177 29.7904 8.9640 domain
225.769 629.177 28.7047 8.9640 experts
257.303 629.177 31.4138 8.9640 because

45.3600 639.997 8.3465 9.0536 of
58.8956 639.997 12.1014 9.0536 the
76.1663 639.997 16.4838 9.0536 lack
97.8791 639.997 8.3465 9.0536 of
111.295 639.997 42.2702 9.0536 predefined
158.794 639.997 41.2045 9.0536 adaptation
205.088 639.997 21.6730 9.0536 rules.
231.930 639.997 28.7047 9.0536 What’s
265.874 639.997 22.7387 9.0536 more,

45.3600 651.017 31.4138 8.9640 medical
80.6184 651.017 37.4695 8.9640 diagnosis
121.882 651.017 6.6433 8.9640 is
132.320 651.017 4.4222 8.9640 a
140.587 651.017 30.6967 8.9640 delicate
175.248 651.017 16.4141 8.9640 area
195.507 651.017 31.4138 8.9640 because
230.765 651.017 5.5378 8.9640 it
240.117 651.017 6.6433 8.9640 is
250.675 651.017 21.9618 8.9640 about
276.581 651.017 11.9819 8.9640 the

45.3600 661.937 27.0016 8.9640 patient
76.0667 661.937 26.6131 8.9640 health.
106.295 661.937 8.3266 8.9640 In
118.277 661.937 18.1670 8.9640 such
140.109 661.937 35.9656 8.9640 domains,
179.800 661.937 4.4222 8.9640 a
188.066 661.937 29.0334 8.9640 manual
220.815 661.937 41.1946 8.9640 adaptation
265.655 661.937 6.6433 8.9640 is
276.093 661.937 12.4898 8.9640 not

45.3600 672.857 42.8778 8.9640 considered
92.6102 672.857 8.2967 8.9640 as
105.199 672.857 4.4222 8.9640 a
114.074 672.857 33.3461 8.9640 negative
151.872 672.857 27.0812 8.9640 aspect.
183.405 672.857 41.4943 8.9640 Moreover,
229.352 672.857 7.7489 8.9640 in
241.343 672.857 13.9938 8.9640 [1],
259.680 672.857 29.0633 8.9640 authors

45.3600 683.777 20.8961 8.9640 state:
71.8735 683.777 25.4777 8.9640 "when
103.177 683.777 12.1014 8.9640 the
121.165 683.777 17.9380 8.9640 field
144.910 683.777 8.3465 8.9640 of
158.923 683.777 43.2862 8.9640 knowledge
207.976 683.777 6.6433 8.9640 is
220.446 683.777 12.5994 8.9640 not
238.663 683.777 22.6092 8.9640 really
266.960 683.777 21.5734 8.9640 clear,

45.3600 694.697 39.0930 8.9640 automatic
93.7058 694.697 41.1946 8.9640 adaptation
144.073 694.697 6.6433 8.9640 is
159.910 694.697 31.8023 8.9640 difficult
201.044 694.697 7.6194 8.9640 to
217.956 694.697 31.2644 8.9640 develop
258.504 694.697 8.2369 8.9640 or
276.123 694.697 12.5994 8.9640 not

45.3600 705.637 62.5687 8.9640 recommended".

59.7840 722.557 8.3266 8.9640 In
73.2001 722.557 14.3225 8.9640 this
92.5126 722.557 24.4319 8.9640 paper,
122.004 722.557 11.3843 8.9640 we
138.557 722.557 31.3840 8.9640 propose
174.991 722.557 4.4222 8.9640 a
184.463 722.557 31.3242 8.9640 medical
220.807 722.557 33.0373 8.9640 decision
258.934 722.557 29.6310 8.9640 support

45.3600 733.477 27.5494 8.9640 system
75.7081 733.477 7.7489 8.9640 to
86.3653 733.477 27.4498 8.9640 predict
116.780 733.477 12.1014 8.9640 the
131.769 733.477 34.6508 8.9640 response
169.309 733.477 8.3465 8.9640 of
180.444 733.477 12.1014 8.9640 the
195.530 733.477 26.8920 8.9640 patient
225.410 733.477 16.8623 8.9640 who
245.310 733.477 13.2169 8.9640 has
261.410 733.477 27.4393 8.9640 plantar

45.3600 744.397 14.3424 8.9640 and
64.7920 744.397 34.6010 8.9640 common
104.482 744.397 21.3941 8.9640 warts
131.060 744.397 7.6194 8.9640 to
143.769 744.397 11.9819 8.9640 the
160.800 744.397 62.6683 8.9640 immunotherapy
228.438 744.397 39.9011 8.9640 treatment.
273.290 744.397 15.4579 8.9640 The

45.3600 755.317 36.3341 8.9640 objective
84.1044 755.317 8.3465 8.9640 of
94.8811 755.317 14.3225 8.9640 this
111.793 755.317 20.3184 8.9640 work
134.561 755.317 6.6433 8.9640 is
143.675 755.317 7.6194 8.9640 to
153.854 755.317 33.0772 8.9640 improve
189.461 755.317 11.9819 8.9640 the
203.973 755.317 32.9776 8.9640 retrieval
239.470 755.317 15.7766 8.9640 step
257.806 755.317 30.7664 8.9640 through

306.650 209.577 12.1014 8.9640 the
323.590 209.577 43.1168 8.9640 integration
371.470 209.477 8.3465 9.0536 of
384.527 209.477 14.2528 9.0536 one
403.471 209.477 8.3465 9.0536 of
416.409 209.477 44.3320 9.0536 datamining
465.472 209.477 42.4894 9.0536 techniques
512.613 209.477 37.3600 9.0536 “decision

306.650 220.397 21.7100 9.0536 tree”.
332.822 220.497 17.7985 8.9640 This
355.132 220.497 38.3659 8.9640 technique
398.070 220.497 6.6433 8.9640 is
409.270 220.497 18.0674 8.9640 used
431.948 220.497 8.2967 8.9640 as
444.657 220.497 4.4222 8.9640 a
453.651 220.497 57.0509 8.9640 discriminating
515.314 220.497 15.3583 8.9640 tool
535.214 220.497 14.8703 8.9640 that

306.650 231.447 40.6866 8.9640 eliminates
349.956 231.447 14.9400 8.9640 less
367.346 231.447 35.2002 8.9640 pertinent
405.165 231.447 36.6502 8.9640 attributes
444.415 231.447 14.3424 8.9640 and
461.327 231.447 30.2485 8.9640 reduces
494.185 231.447 12.1014 8.9640 the
508.936 231.447 30.1688 8.9640 number
541.675 231.447 8.2369 8.9640 of

306.650 242.367 36.8420 8.9640 attributes
347.535 242.367 18.0376 8.9640 used
369.607 242.367 7.7489 8.9640 in
381.240 242.367 12.1014 8.9640 the
397.305 242.367 43.4854 8.9640 calculation
444.685 242.367 8.3465 8.9640 of
457.026 242.367 37.8679 8.9640 similarity
498.768 242.367 7.7489 8.9640 to
510.521 242.367 39.4516 8.9640 accelerate

306.650 253.287 12.1014 8.9640 the
321.171 253.287 49.4713 8.9640 recuperation
372.983 253.287 8.3465 8.9640 of
383.760 253.287 27.3203 8.9640 similar
413.510 253.287 23.3761 8.9640 cases.

321.070 270.207 13.8643 8.9640 For
342.284 270.207 12.1014 8.9640 the
361.836 270.207 37.8580 8.9640 similarity
406.925 270.207 35.4576 8.9640 measure,
449.743 270.207 11.3843 8.9640 we
468.577 270.207 18.1670 8.9640 used
494.244 270.207 12.1014 8.9640 the
513.796 270.207 36.4012 8.9640 k-nearest

306.650 281.127 46.5032 8.9640 neighbours,
356.529 281.127 24.0534 8.9640 which
383.999 281.127 27.6091 8.9640 consist
414.945 281.127 8.3465 8.9640 of
426.558 281.127 43.3758 8.9640 calculating
473.340 281.127 4.4222 8.9640 a
481.129 281.127 32.4796 8.9640 distance
516.875 281.127 33.0473 8.9640 between

306.650 292.047 12.1014 8.9640 the
321.550 292.047 17.0117 8.9640 case
341.330 292.047 7.6194 8.9640 to
351.639 292.047 9.4520 8.9640 be
363.860 292.047 25.7267 8.9640 solved
392.395 292.047 14.2229 8.9640 and
409.427 292.047 12.1014 8.9640 the
424.177 292.047 20.9160 8.9640 cases
447.812 292.047 24.0534 8.9640 stored
474.675 292.047 7.7489 8.9640 in
485.103 292.047 12.1014 8.9640 the
499.853 292.047 17.1412 8.9640 case
519.644 292.047 17.6392 8.9640 base
539.913 292.047 10.0098 8.9640 by

306.650 302.967 46.2343 8.9640 considering
357.790 302.967 17.6989 8.9640 only
380.329 302.967 12.1014 8.9640 the
397.361 302.967 31.9318 8.9640 relevant
434.193 302.967 36.7126 8.9640 attributes
475.796 302.967 32.9278 8.9640 deduced
513.803 302.967 19.2527 8.9640 from
537.896 302.967 12.1014 8.9640 the

306.650 313.887 33.0373 8.9640 decision
342.137 313.887 17.1312 8.9640 tree.

320.830 330.807 11.0855 8.9640 To
335.082 330.807 42.1208 8.9640 implement
380.420 330.807 13.1472 8.9640 our
396.715 330.807 38.7145 8.9640 approach,
438.447 330.807 11.3843 8.9640 we
453.078 330.807 18.1670 8.9640 used
474.423 330.807 12.1014 8.9640 the
489.700 330.807 23.2646 8.9640 Weka
515.972 330.807 34.1230 8.9640 platform

306.650 341.847 16.5037 8.9640 [14]
330.733 341.847 11.4640 8.9640 for
349.667 341.847 12.1014 8.9640 the
369.338 341.847 41.6926 8.9640 generation
418.401 341.847 8.3465 8.9640 of
434.217 341.847 12.1014 8.9640 the
453.769 341.847 33.0373 8.9640 decision
494.296 341.847 14.7308 8.9640 tree
516.596 341.847 14.2229 8.9640 and
538.419 341.847 11.5038 8.9640 we

306.650 352.767 45.0590 8.9640 customized
355.105 352.767 12.1014 8.9640 the
370.573 352.767 34.1805 8.9640 platform
407.911 352.767 8.3465 8.9640 of
419.644 352.767 42.8453 8.9640 case-based
465.796 352.767 38.5552 8.9640 reasoning
507.518 352.767 42.4196 8.9640 jCOLIBRI

306.650 363.687 12.4102 8.9640 2.1
326.669 363.687 11.4739 8.9640 [2]
345.842 363.687 7.7489 8.9640 in
361.071 363.687 44.4814 8.9640 accordance
413.142 363.687 17.4798 8.9640 with
438.211 363.687 12.1014 8.9640 the
457.882 363.687 56.5230 8.9640 characteristics
521.935 363.687 8.3465 8.9640 of
537.751 363.687 12.1014 8.9640 the

306.650 374.607 43.9634 8.9640 application
352.954 374.607 32.2306 8.9640 domain.

320.830 391.547 15.4579 8.9640 The
341.457 391.547 24.6809 8.9640 article
371.317 391.547 6.6433 8.9640 is
382.950 391.547 39.0332 8.9640 organized
427.093 391.547 8.2967 8.9640 as
440.519 391.547 32.2704 8.9640 follows:
478.048 391.547 7.7489 8.9640 in
490.996 391.547 29.6908 8.9640 Section
525.776 391.547 7.4102 8.9640 2,
538.366 391.547 11.3843 8.9640 we

306.650 402.467 26.4538 8.9640 briefly
336.988 402.467 24.7008 8.9640 define
365.772 402.467 19.8403 8.9640 CBR
389.527 402.467 14.3424 8.9640 and
407.883 402.467 49.0430 8.9640 Datamining,
461.140 402.467 17.0814 8.9640 then
482.255 402.467 11.3843 8.9640 we
497.723 402.467 27.4398 8.9640 expose
529.246 402.467 20.7268 8.9640 some

306.650 413.387 36.2843 8.9640 proposed
346.689 413.387 44.5212 8.9640 approaches
394.776 413.387 14.8703 8.9640 that
413.241 413.387 13.1870 8.9640 use
430.034 413.387 4.4222 8.9640 a
438.181 413.387 49.6371 8.9640 combination
491.344 413.387 8.3465 8.9640 of
503.316 413.387 46.6228 8.9640 Datamining

306.650 424.307 42.3698 8.9640 techniques
354.388 424.307 14.2229 8.9640 and
374.049 424.307 12.1014 8.9640 the
391.559 424.307 19.9598 8.9640 CBR
416.867 424.307 54.5509 8.9640 methodology.
476.826 424.307 8.3266 8.9640 In
490.481 424.307 29.6908 8.9640 Section
525.501 424.307 7.4102 8.9640 3,
538.329 424.307 11.3843 8.9640 we

306.650 435.227 28.6748 8.9640 present
342.864 435.227 13.2667 8.9640 our
363.840 435.227 19.7308 8.9640 main
391.310 435.227 48.2562 8.9640 contribution
447.175 435.227 14.2229 8.9640 and
469.237 435.227 16.9021 8.9640 give
493.828 435.227 12.1014 8.9640 the
513.618 435.227 36.1548 8.9640 proposed

306.650 446.147 38.7145 8.9640 approach.
351.070 446.147 20.5574 8.9640 Then
377.334 446.147 7.7489 8.9640 in
390.760 446.147 27.9976 8.9640 section
424.325 446.147 7.4102 8.9640 4,
437.590 446.147 11.3843 8.9640 we
454.741 446.147 17.0216 8.9640 give
477.529 446.147 4.4222 8.9640 a
487.718 446.147 48.3956 8.9640 presentation
541.682 446.147 8.3465 8.9640 of

306.650 457.067 64.3516 8.9640 experimentation
373.690 457.067 14.3424 8.9640 and
390.841 457.067 53.1964 8.9640 interpretation
446.727 457.067 8.3465 8.9640 of
457.623 457.067 28.4463 8.9640 results.
488.860 457.067 30.4477 8.9640 Finally,
522.086 457.067 28.0175 8.9640 section

306.650 467.987 4.9800 8.9640 5
314.830 467.987 6.6433 8.9640 is
324.541 467.987 31.2708 8.9640 devoted
358.979 467.987 7.6194 8.9640 to
369.755 467.987 12.1014 8.9640 the
384.984 467.987 42.8878 8.9640 conclusion
430.920 467.987 14.2229 8.9640 and
448.420 467.987 20.8562 8.9640 some
472.420 467.987 48.9434 8.9640 perspectives
524.331 467.987 8.3465 8.9640 of
535.705 467.987 14.3225 8.9640 this

306.650 478.907 22.7486 8.9640 work.

381.190 498.227 9.2100 8.9640 II.
403.750 498.227 25.9094 8.9640 STATE
431.710 498.227 11.7902 8.9640 OF
445.420 498.227 16.9091 8.9640 THE
464.380 498.227 17.3924 8.9640 ART

320.830 513.347 17.6790 8.9640 This
341.815 513.347 27.9976 8.9640 section
372.980 513.347 6.6433 8.9640 is
382.691 513.347 39.0432 8.9640 organized
425.021 513.347 7.7489 8.9640 in
435.927 513.347 14.5814 8.9640 two
453.905 513.347 21.7925 8.9640 parts.
478.955 513.347 20.4778 8.9640 First,
502.689 513.347 11.3843 8.9640 we
517.440 513.347 17.0216 8.9640 give
537.828 513.347 11.9819 8.9640 the

306.650 524.267 42.3698 8.9640 definitions
352.207 524.267 8.3465 8.9640 of
363.820 524.267 19.9598 8.9640 CBR
386.967 524.267 14.3424 8.9640 and
404.716 524.267 49.0430 8.9640 Datamining.
457.245 524.267 31.5234 8.9640 Second,
492.145 524.267 11.3843 8.9640 we
507.015 524.267 27.5792 8.9640 expose
537.841 524.267 11.9819 8.9640 the

306.650 535.187 19.7308 8.9640 main
328.840 535.187 26.9318 8.9640 related
358.332 535.187 26.9464 8.9640 works:

306.650 552.137 8.6100 8.9640 A.
321.070 552.137 44.4017 8.9640 Definitions

306.650 569.677 4.5816 9.0536 
318.070 569.777 18.7945 8.9640 CBR
339.394 569.777 23.2466 8.9640 (Case
365.170 569.777 24.3821 8.9640 Based
392.132 569.777 45.6168 8.9640 Reasoning)

321.070 586.697 19.9598 8.9640 CBR
343.870 586.697 6.6433 8.9640 is
353.342 586.697 4.4222 8.9640 a
360.652 586.697 52.1207 8.9640 methodology
415.582 586.697 11.5835 8.9640 [3]
430.073 586.697 11.4640 8.9640 for
444.326 586.697 33.0274 8.9640 problem
480.172 586.697 31.6429 8.9640 solving,
514.594 586.697 22.4897 8.9640 based
540.012 586.697 10.0098 8.9640 on

306.650 597.617 12.1014 8.9640 the
321.281 597.617 13.1870 8.9640 use
336.769 597.617 8.3465 8.9640 of
347.436 597.617 16.0954 8.9640 past
365.892 597.617 46.7546 8.9640 experiences
415.017 597.617 7.6194 8.9640 to
425.196 597.617 20.8463 8.9640 solve
448.452 597.617 4.4222 8.9640 a
455.285 597.617 16.5336 8.9640 new
474.119 597.617 35.5902 8.9640 problem.

321.070 614.537 15.4579 8.9640 The
340.731 614.537 39.6209 8.9640 resolution
384.485 614.537 20.8562 8.9640 cycle
409.554 614.537 7.7489 8.9640 in
421.546 614.537 19.9598 8.9640 CBR
445.659 614.537 13.8544 8.9640 can
463.647 614.537 9.3425 8.9640 be
477.193 614.537 37.8281 8.9640 described
519.264 614.537 10.0098 8.9640 by
533.407 614.537 16.5037 8.9640 four

306.650 625.457 22.5594 8.9640 steps:
331.699 625.457 122.667 8.9640 Retrieve-Reuse-Revise-Retain.

306.650 642.377 9.5701 8.9640 A.
318.070 642.377 33.2066 8.9640 Retrieve
356.230 642.377 19.4818 8.9640 from
380.432 642.377 12.1014 8.9640 the
397.464 642.377 17.1412 8.9640 case
419.535 642.377 17.7487 8.9640 base
442.304 642.377 12.1014 8.9640 the
459.455 642.377 19.2029 8.9640 most
483.558 642.377 27.6689 8.9640 similar
516.167 642.377 17.1412 8.9640 case
538.239 642.377 11.6930 8.9640 (or

318.070 653.297 24.3323 8.9640 cases)
344.942 653.297 7.7479 8.9640 to
355.249 653.297 12.1014 8.9640 the
369.881 653.297 16.7826 8.9640 new
388.944 653.297 33.4955 8.9640 problem
424.760 653.297 7.7489 8.9640 to
435.059 653.297 31.2445 8.9640 resolve.

306.650 664.217 9.2100 8.9640 B.
318.070 664.217 23.8442 8.9640 Reuse
346.270 664.217 47.0510 8.9640 information
397.574 664.217 14.3424 8.9640 and
416.278 664.217 43.8738 8.9640 knowledge
464.485 664.217 7.7489 8.9640 in
476.477 664.217 14.4320 8.9640 this
495.182 664.217 17.1412 8.9640 case
516.655 664.217 7.7489 8.9640 to
528.757 664.217 20.9758 8.9640 solve

318.070 675.137 12.1014 8.9640 the
332.701 675.137 35.6867 8.9640 problem.

306.650 686.057 9.0900 8.9640 C.
318.070 686.057 26.0056 8.9640 Revise
346.630 686.057 12.1014 8.9640 the
361.261 686.057 36.7126 8.9640 proposed
400.553 686.057 34.5114 8.9640 solution.

306.650 696.977 9.6900 8.9640 D.
318.070 696.977 26.0852 8.9640 Retain
347.230 696.977 12.1014 8.9640 the
362.339 696.977 19.4618 8.9640 parts
384.749 696.977 8.4660 8.9640 of
396.123 696.977 14.4320 8.9640 this
413.613 696.977 44.9694 8.9640 experiment
461.560 696.977 22.8383 8.9640 likely
487.327 696.977 7.7489 8.9640 to
498.104 696.977 9.4520 8.9640 be
510.683 696.977 24.3522 8.9640 useful
538.133 696.977 11.5835 8.9640 for

318.070 707.917 12.1014 8.9640 the
332.701 707.917 39.9695 8.9640 resolution
375.120 707.917 8.3465 8.9640 of
386.017 707.917 23.7148 8.9640 future
412.261 707.917 39.6508 8.9640 problems.

306.650 725.457 4.5816 9.0536 
318.070 725.557 47.7781 8.9640 Datamining

321.070 742.477 46.7323 8.9640 Datamining
372.652 742.477 6.6433 8.9640 is
384.166 742.477 7.1911 8.9640 at
396.158 742.477 12.1014 8.9640 the
413.070 742.477 19.8376 8.9640 heart
437.688 742.477 8.2369 8.9640 of
450.756 742.477 12.1014 8.9640 the
467.788 742.477 43.4057 8.9640 knowledge
516.004 742.477 34.0532 8.9640 database

306.650 753.397 38.5552 8.9640 discovery
351.131 753.397 28.1470 8.9640 (KDD)
385.294 753.397 32.1110 8.9640 process.
423.411 753.397 6.0059 8.9640 It
435.522 753.397 6.6433 8.9640 is
448.231 753.397 4.4222 8.9640 a
458.659 753.397 11.0357 8.9640 set
475.691 753.397 8.3465 8.9640 of
489.943 753.397 42.3698 8.9640 techniques
538.409 753.397 11.3544 8.9640 for

67.0600 828.154 33.4600 6.4750 Authorized
102.466 828.154 25.6760 6.4750 licensed
130.088 828.154 11.2840 6.4750 use
143.318 828.154 20.2230 6.4750 limited
165.487 828.154 7.7840 6.4750 to:
175.217 828.154 50.1830 6.4750 Fernuniversitaet
227.346 828.154 22.5680 6.4750 Hagen.
251.860 828.154 38.9060 6.4750 Downloaded
292.712 828.154 7.7840 6.4750 on
302.442 828.154 24.8990 6.4750 October
329.287 828.154 25.2980 6.4750 11,2022
356.531 828.154 5.8380 6.4750 at
364.315 828.154 27.2440 6.4750 16:15:51
393.505 828.154 14.3850 6.4750 UTC
409.836 828.154 14.0000 6.4750 from
425.782 828.154 15.9530 6.4750 IEEE
443.681 828.154 22.1760 6.4750 Xplore.
469.749 828.154 36.5610 6.4750 Restrictions
508.256 828.154 18.6760 6.4750 apply.

45.3600 55.8373 39.6508 8.9640 extracting
87.5804 55.8373 24.1331 8.9640 useful
114.452 55.8373 14.2229 8.9640 and
131.364 55.8373 16.5336 8.9640 new
150.438 55.8373 46.8220 8.9640 information
199.949 55.8373 19.2427 8.9640 from
221.751 55.8373 19.7706 8.9640 large
244.171 55.8373 33.5154 8.9640 amounts
280.276 55.8373 8.3465 8.9640 of

45.3600 66.7573 19.0236 8.9640 data.
77.0228 66.7573 23.7546 8.9640 These
113.486 66.7573 42.3698 8.9640 techniques
168.545 66.7573 24.1331 8.9640 reveal
205.377 66.7573 39.5611 8.9640 predictive
257.667 66.7573 31.0652 8.9640 models,

45.3600 77.6973 52.2402 8.9640 classification
100.289 77.6973 19.2029 8.9640 rules
122.221 77.6973 14.3424 8.9640 and
139.362 77.6973 20.3284 8.9640 other
162.499 77.6973 20.7666 8.9640 types
186.114 77.6973 8.3465 8.9640 of
197.250 77.6973 43.4057 8.9640 knowledge
243.424 77.6973 14.8703 8.9640 that
261.053 77.6973 15.2687 8.9640 will
279.161 77.6973 9.3425 8.9640 be

45.3600 88.6173 18.1670 8.9640 used
71.0369 88.6173 11.4739 8.9640 for
89.9808 88.6173 32.9377 8.9640 decision
130.408 88.6173 29.6310 8.9640 support
167.340 88.6173 13.9938 8.9640 [4].
188.794 88.6173 29.6908 8.9640 Among
225.974 88.6173 12.1014 8.9640 the
245.526 88.6173 27.5294 8.9640 variety
280.306 88.6173 8.3465 8.9640 of

45.3600 99.5373 44.4515 8.9640 datamining
98.6261 99.5373 36.0751 8.9640 methods,
143.366 99.5373 33.0373 8.9640 decision
185.098 99.5373 14.8404 8.9640 tree
208.614 99.5373 14.3424 8.9640 and
231.771 99.5373 11.9819 8.9640 the
252.528 99.5373 36.3792 8.9640 k-nearest

45.3600 110.457 39.1328 8.9640 neighbors
86.8434 110.457 28.0374 8.9640 (KNN)
117.311 110.457 12.1014 8.9640 are
131.832 110.457 42.3997 8.9640 commonly
176.553 110.457 18.1670 8.9640 used
197.299 110.457 7.7489 8.9640 in
207.369 110.457 12.1014 8.9640 the
221.881 110.457 31.3043 8.9640 medical
255.705 110.457 20.4778 8.9640 field.

45.3600 127.377 8.6100 8.9640 B.
59.7840 127.377 30.5075 8.9640 Related
92.8612 127.377 23.7745 8.9640 works

59.5440 144.297 44.5909 8.9640 Nowadays,
110.509 144.297 4.4222 8.9640 a
121.296 144.297 19.8901 8.9640 large
147.550 144.297 30.3979 8.9640 number
184.352 144.297 8.3465 8.9640 of
198.974 144.297 39.7404 8.9640 integrated
245.148 144.297 43.4197 8.9640 case-based

45.3600 155.217 38.7842 8.9640 reasoning
90.9170 155.217 26.5832 8.9640 (CBR)
124.362 155.217 14.3424 8.9640 and
145.587 155.217 44.9096 8.9640 datamining
197.450 155.217 22.7287 8.9640 (DM)
227.041 155.217 42.6089 8.9640 techniques
276.462 155.217 12.2110 8.9640 are

45.3600 166.137 35.9855 8.9640 available
84.9410 166.137 11.5835 8.9640 for
100.140 166.137 16.6432 8.9640 data
120.398 166.137 31.9716 8.9640 analysis
155.916 166.137 14.4520 8.9640 and
174.003 166.137 40.4675 8.9640 prediction
218.210 166.137 7.7489 8.9640 in
229.490 166.137 4.4222 8.9640 a
237.517 166.137 19.8901 8.9640 large
261.013 166.137 27.6490 8.9640 variety

45.3600 177.057 8.3465 8.9640 of
57.5809 177.057 33.8441 8.9640 domains
95.4240 177.057 37.3699 8.9640 (medical,
136.787 177.057 40.3480 8.9640 industrial,
181.119 177.057 19.9897 8.9640 etc.),
205.370 177.057 11.3822 8.9640 we
220.716 177.057 14.3822 8.9640 cite
239.182 177.057 20.9758 8.9640 some
264.241 177.057 24.4429 8.9640 works

45.3600 187.977 27.1529 8.9640 below:

59.5440 205.257 11.6134 8.9640 De
74.0557 205.257 14.3424 8.9640 and
91.3164 205.257 49.9295 8.9640 Chakraborty
144.020 205.257 16.7567 8.9640 [18]
163.580 205.257 36.4934 8.9640 proposed
203.011 205.257 4.4222 8.9640 a
210.322 205.257 27.5494 8.9640 system
240.670 205.257 11.5835 8.9640 for
255.152 205.257 12.1910 8.9640 car
270.241 205.257 18.2368 8.9640 fault

45.3600 216.777 37.6886 8.9640 diagnosis
89.3732 216.777 25.9956 8.9640 (CFD)
121.743 216.777 22.7287 8.9640 based
150.876 216.777 10.0098 8.9640 on
167.180 216.777 43.2780 8.9640 case-based
216.890 216.777 38.7842 8.9640 reasoning
261.969 216.777 26.5832 8.9640 (CBR)

45.3600 228.327 55.1940 8.9640 methodology.
104.900 228.327 6.1289 8.9640 It
115.331 228.327 17.0615 8.9640 uses
136.685 228.327 35.5572 8.9640 Decision
176.496 228.327 14.9500 8.9640 tree
195.788 228.327 14.3424 8.9640 and
214.610 228.327 29.9198 8.9640 Jaccard
248.782 228.327 39.8599 8.9640 Similarity

45.3600 239.847 33.5353 8.9640 Method.
82.7498 239.847 35.5572 8.9640 Decision
122.081 239.847 14.9500 8.9640 tree
140.896 239.847 6.6433 8.9640 is
151.444 239.847 18.4061 8.9640 used
173.734 239.847 7.7489 8.9640 to
185.357 239.847 19.4021 8.9640 store
208.604 239.847 21.0156 8.9640 cases
233.434 239.847 15.5376 8.9640 into
253.130 239.847 12.2110 8.9640 the
269.330 239.847 19.4120 8.9640 Case

45.3600 251.367 19.4320 8.9640 Base
71.3855 251.367 22.5685 8.9640 (CB),
100.580 251.367 14.3424 8.9640 and
121.565 251.367 30.0294 8.9640 Jaccard
158.238 251.367 39.8699 8.9640 Similarity
204.642 251.367 31.1051 8.9640 Method
242.390 251.367 6.6433 8.9640 is
255.697 251.367 18.2766 8.9640 used
280.636 251.367 7.7489 8.9640 to

45.3600 262.887 35.3779 8.9640 calculate
83.2678 262.887 38.4058 8.9640 similarity
124.004 262.887 33.3959 8.9640 between
159.980 262.887 4.4222 8.9640 a
167.060 262.887 16.6631 8.9640 new
186.123 262.887 17.1412 8.9640 case
205.794 262.887 14.4520 8.9640 and
222.806 262.887 24.3821 8.9640 stored
249.767 262.887 23.5056 8.9640 cases.

59.7840 281.967 54.4015 8.9640 Benbelkacem
116.864 281.967 14.4520 8.9640 and
134.235 281.967 9.6811 8.9640 al.
146.814 281.967 11.5835 8.9640 [6]
161.176 281.967 41.1861 8.9640 developed
205.301 281.967 4.4222 8.9640 a
212.492 281.967 19.9598 8.9640 CBR
235.280 281.967 27.6689 8.9640 system
265.628 281.967 7.8485 8.9640 in
276.286 281.967 12.2110 8.9640 the

45.3600 292.887 31.5334 8.9640 medical
79.6622 292.887 31.8820 8.9640 context,
114.313 292.887 39.9894 8.9640 especially
156.991 292.887 11.5835 8.9640 for
171.354 292.887 12.1014 8.9640 the
186.224 292.887 37.5392 8.9640 treatment
226.502 292.887 8.3465 8.9640 of
237.518 292.887 50.9155 8.9640 tuberculosis,

45.3600 303.807 7.7489 8.9640 to
57.5809 303.807 34.7604 8.9640 facilitate
96.7934 303.807 12.2110 8.9640 the
113.456 303.807 26.0056 8.9640 choice
143.914 303.807 8.3465 8.9640 of
156.613 303.807 12.3205 8.9640 the
173.385 303.807 45.5272 8.9640 appropriate
223.365 303.807 40.0292 8.9640 treatment.
267.846 303.807 20.5574 8.9640 They

45.3600 314.727 18.1670 8.9640 used
66.9433 314.727 12.2110 8.9640 the
82.5208 314.727 33.3859 8.9640 decision
119.193 314.727 14.9500 8.9640 tree
137.519 314.727 8.4262 8.9640 as
149.262 314.727 4.4222 8.9640 a
157.171 314.727 33.1967 8.9640 measure
193.734 314.727 8.4660 8.9640 of
205.467 314.727 38.4157 8.9640 similarity
247.169 314.727 7.7489 8.9640 to
258.304 314.727 30.0394 8.9640 recover

45.3600 325.647 27.6689 8.9640 similar
78.2081 325.647 21.0156 8.9640 cases
104.353 325.647 14.4520 8.9640 and
124.004 325.647 16.0456 8.9640 also
145.219 325.647 7.7489 8.9640 to
158.157 325.647 34.8600 8.9640 optimize
198.196 325.647 12.2110 8.9640 the
215.576 325.647 50.1930 8.9640 computation
270.858 325.647 17.8384 8.9640 time

45.3600 336.567 24.8104 8.9640 unlike
72.9392 336.567 20.5574 8.9640 other
96.2954 336.567 38.4157 8.9640 similarity
137.400 336.567 37.2006 8.9640 measures
177.330 336.567 18.2766 8.9640 such
198.425 336.567 8.2967 8.9640 as
209.451 336.567 12.2110 8.9640 the
224.550 336.567 29.9198 8.9640 method
257.269 336.567 8.3465 8.9640 of
268.284 336.567 12.2110 8.9640 the
283.730 336.567 4.9800 8.9640 k

45.3600 347.487 28.2067 8.9640 nearest
77.3714 347.487 39.4615 8.9640 neighbors
120.757 347.487 24.1630 8.9640 which
148.705 347.487 6.6433 8.9640 is
159.143 347.487 39.9197 8.9640 expensive
202.907 347.487 7.8485 8.9640 in
214.530 347.487 49.9494 8.9640 computation
268.254 347.487 20.2288 8.9640 time.

45.3600 358.407 19.9598 8.9640 Each
67.8895 358.407 17.1412 8.9640 case
87.6800 358.407 8.4660 8.9640 of
98.6958 358.407 48.3458 8.9640 tuberculosis
149.641 358.407 6.7429 8.9640 is
158.983 358.407 38.4058 8.9640 described
200.088 358.407 10.0098 8.9640 by
212.668 358.407 4.4222 8.9640 a
219.739 358.407 11.0357 8.9640 set
233.524 358.407 8.3465 8.9640 of
244.420 358.407 44.0132 8.9640 descriptors

45.3600 369.327 14.8703 8.9640 that
65.0310 369.327 39.9197 8.9640 determine
109.761 369.327 12.2110 8.9640 the
126.783 369.327 33.4955 8.9640 problem
164.999 369.327 15.5874 8.9640 part
185.367 369.327 8.3465 8.9640 of
198.425 369.327 12.1014 8.9640 the
215.337 369.327 19.6312 8.9640 case,
239.918 369.327 7.7489 8.9640 to
252.617 369.327 24.2924 8.9640 which
281.641 369.327 6.7429 8.9640 is

45.3600 380.247 34.2662 8.9640 assigned
84.2477 380.247 4.4222 8.9640 a
93.3611 380.247 37.6488 8.9640 treatment
135.551 380.247 49.4414 8.9640 representing
189.594 380.247 12.1014 8.9640 the
206.377 380.247 32.1907 8.9640 solution
243.059 380.247 15.5874 8.9640 part
263.189 380.247 8.4660 8.9640 of
276.127 380.247 12.3205 8.9640 the

45.3600 391.187 19.6312 8.9640 case.
68.2580 391.187 20.5574 8.9640 They
91.8832 391.187 38.1866 8.9640 evaluated
133.376 391.187 18.1870 8.9640 their
154.830 391.187 36.7325 8.9640 approach
194.730 391.187 10.0098 8.9640 on
207.907 391.187 14.9898 8.9640 real
225.994 391.187 21.0156 8.9640 cases
250.227 391.187 38.1866 8.9640 involving

45.3600 402.107 30.9955 8.9640 patients
79.9013 402.107 27.1510 8.9640 treated
110.697 402.107 11.5835 8.9640 for
125.896 402.107 50.8060 8.9640 tuberculosis.
180.308 402.107 23.0076 8.9640 Then,
206.921 402.107 17.2109 8.9640 they
227.538 402.107 39.4914 8.9640 compared
270.804 402.107 17.5694 8.9640 with

45.3600 413.027 12.1014 8.9640 the
63.8258 413.027 4.9800 8.9640 k
74.9810 413.027 28.3063 8.9640 nearest
109.631 413.027 42.7448 8.9640 neighbors’
158.660 413.027 29.9198 8.9640 method
194.864 413.027 14.3424 8.9640 and
215.491 413.027 33.2764 8.9640 deduced
255.052 413.027 14.8703 8.9640 that
276.277 413.027 12.1014 8.9640 the

45.3600 423.947 33.2066 8.9640 retrieval
82.3440 423.947 10.0098 8.9640 by
95.8796 423.947 33.2764 8.9640 decision
132.801 423.947 14.9500 8.9640 tree
151.615 423.947 25.4209 8.9640 makes
180.731 423.947 5.5378 8.9640 it
189.964 423.947 32.7286 8.9640 possible
226.408 423.947 7.7489 8.9640 to
237.902 423.947 34.7604 8.9640 optimize
276.397 423.947 12.2110 8.9640 the

45.3600 434.987 49.9494 8.9640 computation
97.7596 434.987 20.2188 8.9640 time.

59.7840 451.907 24.3223 8.9640 Burke
89.7536 451.907 14.3424 8.9640 and
109.773 451.907 9.6811 8.9640 al.
125.111 451.907 11.6930 8.9640 [7]
142.342 451.907 36.6030 8.9640 proposed
184.533 451.907 9.4022 8.9640 an
199.522 451.907 36.7325 8.9640 approach
242.090 451.907 11.5835 8.9640 for
259.330 451.907 29.3222 8.9640 solving

45.3600 462.827 37.0512 8.9640 timetable
88.7657 462.827 39.9296 8.9640 problems;
135.140 462.827 8.3266 8.9640 In
149.761 462.827 14.3225 8.9640 this
170.508 462.827 39.0532 8.9640 approach,
215.935 462.827 12.1014 8.9640 the
234.401 462.827 17.1412 8.9640 case
257.907 462.827 17.7487 8.9640 base
282.010 462.827 6.5138 8.9640 is

45.3600 473.747 45.9754 8.9640 represented
97.8691 473.747 8.2967 8.9640 as
112.619 473.747 4.4222 8.9640 a
123.526 473.747 33.2764 8.9640 decision
163.216 473.747 15.0595 8.9640 tree
184.780 473.747 14.3424 8.9640 and
205.646 473.747 21.0156 8.9640 cases
233.116 473.747 36.5731 8.9640 represent
276.153 473.747 12.2110 8.9640 the

45.3600 484.667 37.0811 8.9640 attributes
86.7239 484.667 8.4660 8.9640 of
99.4229 484.667 12.2110 8.9640 the
116.086 484.667 25.1490 8.9640 graph.
145.567 484.667 20.6869 8.9640 They
170.507 484.667 18.1670 8.9640 used
193.176 484.667 12.1014 8.9640 the
209.610 484.667 28.9537 8.9640 Branch
243.050 484.667 14.4520 8.9640 and
261.864 484.667 26.6729 8.9640 Bound

45.3600 495.587 38.7942 8.9640 algorithm
86.5944 495.587 7.7489 8.9640 to
96.8930 495.587 26.5832 8.9640 reduce
126.016 495.587 12.1014 8.9640 the
140.766 495.587 25.4677 8.9640 search
168.814 495.587 24.6610 8.9640 space.

59.7840 512.507 48.7542 8.9640 Kriegsmann
113.269 512.507 14.4520 8.9640 and
132.561 512.507 31.6529 8.9640 Barletta
169.015 512.507 11.6930 8.9640 [5]
185.419 512.507 36.6030 8.9640 proposed
226.882 512.507 4.4222 8.9640 a
236.115 512.507 19.9598 8.9640 CBR
260.826 512.507 27.7884 8.9640 system

45.3600 523.427 14.8703 8.9640 that
66.4652 523.427 17.1710 8.9640 uses
89.8513 523.427 12.1014 8.9640 the
108.197 523.427 33.2764 8.9640 decision
147.649 523.427 14.9500 8.9640 tree
168.983 523.427 14.3424 8.9640 and
189.610 523.427 4.9800 8.9640 k
200.765 523.427 28.2067 8.9640 nearest
235.177 523.427 39.3520 8.9640 neighbors
280.734 523.427 7.7489 8.9640 to

45.3600 534.347 31.1051 8.9640 identify
79.0348 534.347 14.3424 8.9640 and
96.2640 534.347 30.4378 8.9640 retrieve
129.500 534.347 21.0156 8.9640 cases
153.244 534.347 27.7784 8.9640 similar
183.801 534.347 7.7489 8.9640 to
194.339 534.347 12.1014 8.9640 the
209.209 534.347 22.6590 8.9640 target
234.627 534.347 35.5771 8.9640 problem.
272.973 534.347 15.5774 8.9640 The

45.3600 545.297 33.2066 8.9640 retrieval
81.8640 545.297 6.6433 8.9640 is
91.6945 545.297 19.4021 8.9640 done
114.453 545.297 7.7489 8.9640 in
125.478 545.297 14.8105 8.9640 two
143.685 545.297 26.9617 8.9640 stages.
173.894 545.297 15.5774 8.9640 The
192.718 545.297 33.4656 8.9640 decision
229.351 545.297 14.9500 8.9640 tree
247.558 545.297 6.6433 8.9640 is
257.498 545.297 31.1150 8.9640 initially

45.3600 556.217 18.1670 8.9640 used
68.2680 556.217 7.7489 8.9640 to
80.7280 556.217 39.9097 8.9640 determine
125.328 556.217 4.4222 8.9640 a
134.442 556.217 11.0357 8.9640 set
150.159 556.217 8.3465 8.9640 of
163.216 556.217 27.6589 8.9640 similar
195.576 556.217 23.6052 8.9640 cases.
223.873 556.217 21.9319 8.9640 Next,
250.730 556.217 4.9800 8.9640 k
260.450 556.217 28.2067 8.9640 nearest

45.3600 567.137 39.3520 8.9640 neighbors
88.5167 567.137 6.6433 8.9640 is
99.0643 567.137 18.2766 8.9640 used
121.245 567.137 7.7489 8.9640 to
132.868 567.137 31.1051 8.9640 identify
167.868 567.137 12.1014 8.9640 the
183.933 567.137 19.3224 8.9640 most
207.080 567.137 32.2604 8.9640 relevant
243.165 567.137 23.6052 8.9640 cases.
270.625 567.137 17.7985 8.9640 This

45.3600 578.057 27.7784 8.9640 system
75.8177 578.057 13.3464 8.9640 has
91.8832 578.057 18.8842 8.9640 been
113.456 578.057 29.4418 8.9640 applied
145.697 578.057 7.7489 8.9640 to
156.234 578.057 35.2484 8.9640 diagnose
194.371 578.057 39.6408 8.9640 hardware,
236.801 578.057 34.2724 8.9640 software
273.842 578.057 14.5615 8.9640 and

45.3600 588.977 49.3418 8.9640 connectivity
97.1520 588.977 23.9040 8.9640 issues
123.536 588.977 10.0098 8.9640 on
136.115 588.977 29.2924 8.9640 various
168.007 588.977 40.6169 8.9640 platforms.

59.7840 605.897 35.3978 8.9640 Menezes
98.5184 605.897 14.3424 8.9640 and
116.300 605.897 9.6811 8.9640 al.
129.357 605.897 16.7228 8.9640 [16]
149.456 605.897 18.1670 8.9640 used
171.040 605.897 12.1014 8.9640 the
186.508 605.897 33.2764 8.9640 decision
223.071 605.897 14.9500 8.9640 tree
241.397 605.897 11.5835 8.9640 for
256.357 605.897 32.0612 8.9640 analysis

45.3600 616.817 14.3424 8.9640 and
62.8597 616.817 37.6886 8.9640 diagnosis
103.626 616.817 8.3465 8.9640 of
115.000 616.817 34.9098 8.9640 incipient
153.007 616.817 29.8700 8.9640 failures
185.975 616.817 7.7489 8.9640 in
196.762 616.817 24.8801 8.9640 power
224.799 616.817 50.4972 8.9640 transformers
278.374 616.817 10.0098 8.9640 by

45.3600 627.737 21.6431 8.9640 using
71.7341 627.737 12.1014 8.9640 the
88.6462 627.737 54.5011 8.9640 concentration
147.878 627.737 7.8485 8.9640 in
160.457 627.737 17.8085 8.9640 ppm
182.867 627.737 8.4660 8.9640 of
196.044 627.737 12.2110 8.9640 the
213.066 627.737 48.7940 8.9640 combustible
266.780 627.737 21.6232 8.9640 gases

45.3600 638.657 28.7844 8.9640 present
79.8814 638.657 7.7489 8.9640 in
93.3074 638.657 32.1708 8.9640 samples
131.205 638.657 8.3465 8.9640 of
145.219 638.657 46.5630 8.9640 transformer
197.578 638.657 16.8822 8.9640 oils.
225.974 638.657 20.5574 8.9640 They
252.119 638.657 18.2567 8.9640 built
276.103 638.657 12.3205 8.9640 the

45.3600 649.577 33.2764 8.9640 decision
81.5646 649.577 14.9500 8.9640 tree
99.5324 649.577 21.6431 8.9640 using
124.103 649.577 12.1014 8.9640 the
139.213 649.577 38.9038 8.9640 algorithm
181.035 649.577 21.9049 8.9640 C4.5,
205.947 649.577 14.3424 8.9640 and
223.328 649.577 11.5835 8.9640 for
237.929 649.577 12.1014 8.9640 the
253.038 649.577 35.5572 8.9640 selection

45.3600 660.497 8.3465 8.9640 of
56.1367 660.497 39.6607 8.9640 attributes,
98.3273 660.497 17.3204 8.9640 they
118.097 660.497 43.3260 8.9640 considered
164.003 660.497 14.8703 8.9640 that
181.393 660.497 12.2110 8.9640 the
196.134 660.497 18.2866 8.9640 ratio
216.980 660.497 8.4660 8.9640 of
227.877 660.497 12.2110 8.9640 the
242.737 660.497 17.2109 8.9640 gain
262.398 660.497 6.6433 8.9640 is
271.621 660.497 16.6631 8.9640 able

45.3600 671.417 7.7489 8.9640 to
57.4614 671.417 27.1111 8.9640 extract
88.8752 671.417 12.1014 8.9640 the
105.309 671.417 40.3579 8.9640 maximum
149.910 671.417 47.1706 8.9640 information
201.333 671.417 36.0950 8.9640 available
241.751 671.417 14.3424 8.9640 and
260.456 671.417 7.7489 8.9640 to
272.448 671.417 15.8962 8.9640 find

45.3600 682.337 12.1014 8.9640 the
59.9912 682.337 33.2066 8.9640 attribute
95.7178 682.337 14.9798 8.9640 that
113.217 682.337 36.1050 8.9640 performs
151.802 682.337 12.1014 8.9640 the
166.553 682.337 16.0954 8.9640 best
185.138 682.337 34.6309 8.9640 division.

59.7840 699.257 17.1013 8.9640 Guo
83.1701 699.257 14.3424 8.9640 and
103.797 699.257 9.6811 8.9640 al.
119.743 699.257 16.7935 8.9640 [17]
142.801 699.257 36.6030 8.9640 proposed
185.599 699.257 4.4222 8.9640 a
196.266 699.257 25.9558 8.9640 hybrid
228.497 699.257 60.1850 8.9640 CBR-Bayesian

45.3600 710.197 32.6688 8.9640 network
82.0427 710.197 7.7489 8.9640 to
93.9050 710.197 33.2738 8.9640 improve
131.262 710.197 17.1412 8.9640 case
152.487 710.197 33.2066 8.9640 retrieval
189.777 710.197 8.3465 8.9640 of
202.117 710.197 13.9042 8.9640 BN
220.105 710.197 24.8104 8.9640 model
248.999 710.197 22.7188 8.9640 under
275.841 710.197 12.7787 8.9640 big

45.3600 721.117 19.1940 8.9640 data.
69.3647 721.117 20.5818 8.9640 They
94.6974 721.117 52.1008 8.9640 implemented
151.768 721.117 14.9300 8.9640 two
171.777 721.117 45.3379 8.9640 algorithms:
222.016 721.117 38.7942 8.9640 Weighted
265.780 721.117 22.6988 8.9640 Index

45.3600 732.037 44.8598 8.9640 Coefficient
93.3174 732.037 8.4660 8.9640 of
104.811 732.037 35.4974 8.9640 Dirichlet
143.416 732.037 48.3658 8.9640 Distribution
194.829 732.037 38.9038 8.9640 algorithm
236.771 732.037 40.5770 8.9640 (WICDD)
280.505 732.037 7.7489 8.9640 to

45.3600 742.957 39.3121 8.9640 overcome
90.0804 742.957 12.1014 8.9640 the
107.590 742.957 33.4955 8.9640 problem
146.284 742.957 8.4660 8.9640 of
160.059 742.957 43.9236 8.9640 probability
209.192 742.957 32.7983 8.9640 learning
247.438 742.957 22.6092 8.9640 under
275.485 742.957 12.8783 8.9640 big

45.3600 753.877 19.1332 8.9640 data,
68.4971 753.877 14.3424 8.9640 and
86.8434 753.877 17.2109 8.9640 then
107.948 753.877 32.7086 8.9640 enhance
144.760 753.877 12.1014 8.9640 the
160.945 753.877 35.6668 8.9640 accuracy
200.387 753.877 8.4660 8.9640 of
212.727 753.877 17.1412 8.9640 case
233.952 753.877 36.2042 8.9640 retrieval;
274.220 753.877 14.4520 8.9640 and

306.650 55.8373 12.1014 8.9640 the
322.835 55.8373 53.9338 8.9640 Within-Cross
380.812 55.8373 38.9038 8.9640 algorithm
423.720 55.8373 22.8582 8.9640 (WC)
450.682 55.8373 7.7489 8.9640 to
462.544 55.8373 20.9758 8.9640 solve
487.603 55.8373 12.2110 8.9640 the
503.898 55.8373 33.4955 8.9640 problem
541.278 55.8373 8.3465 8.9640 of

306.650 66.7573 49.9494 8.9640 computation
360.971 66.7573 16.1252 8.9640 task
381.469 66.7573 44.9694 8.9640 assignment
430.970 66.7573 22.6092 8.9640 under
458.061 66.7573 12.2110 8.9640 the
474.725 66.7573 37.8281 8.9640 condition
516.925 66.7573 8.3465 8.9640 of
529.624 66.7573 20.1192 8.9640 large

306.650 77.6973 30.3979 8.9640 number
345.006 77.6973 8.3465 8.9640 of
361.181 77.6973 43.7941 8.9640 parameters
412.973 77.6973 22.1710 8.9640 while
443.062 77.6973 44.5266 8.9640 conducting
495.460 77.6973 29.9696 8.9640 parallel
533.347 77.6973 16.6432 8.9640 data

306.650 88.6173 42.6288 8.9640 processing
351.848 88.6173 11.5835 8.9640 for
365.971 88.6173 39.8599 8.9640 parameter
408.401 88.6173 54.8896 8.9640 independence
465.830 88.6173 16.2946 8.9640 test.

321.070 105.537 29.9198 8.9640 Clerkin
358.001 105.537 14.3424 8.9640 and
379.465 105.537 9.6811 8.9640 al.
396.248 105.537 11.6930 8.9640 [8]
414.923 105.537 38.1866 8.9640 presented
460.241 105.537 4.4222 8.9640 a
471.940 105.537 52.0286 8.9640 collaborative
531.060 105.537 18.8842 8.9640 song

306.650 116.457 67.0806 8.9640 recommendation
377.017 116.457 36.7325 8.9640 approach
417.190 116.457 7.7489 8.9640 in
428.350 116.457 12.1014 8.9640 the
443.817 116.457 18.9244 8.9640 Web
466.180 116.457 27.1046 8.9640 (Smart
496.621 116.457 27.2354 8.9640 Radio)
527.233 116.457 22.7287 8.9640 based

306.650 127.377 10.0098 8.9640 on
321.271 127.377 12.1014 8.9640 the
338.173 127.377 22.3403 8.9640 user's
365.155 127.377 41.6726 8.9640 evaluation
411.548 127.377 8.3465 8.9640 of
424.606 127.377 25.1590 8.9640 songs.
454.575 127.377 17.7985 8.9640 This
477.005 127.377 36.7325 8.9640 approach
518.349 127.377 18.8642 8.9640 aims
541.855 127.377 7.7489 8.9640 to

306.650 138.297 54.3916 8.9640 automatically
364.447 138.297 33.7943 8.9640 generate
401.738 138.297 12.2110 8.9640 the
417.435 138.297 17.2607 8.9640 case
438.181 138.297 17.7487 8.9640 base
459.406 138.297 10.1293 8.9640 by
472.942 138.297 21.5335 8.9640 using
498.001 138.297 12.1014 8.9640 the
513.588 138.297 36.4884 8.9640 K-means

306.650 149.217 38.7942 8.9640 algorithm
349.209 149.217 11.5835 8.9640 for
364.527 149.217 12.1014 8.9640 the
380.473 149.217 53.3059 8.9640 segmentation
437.424 149.217 8.3465 8.9640 of
449.396 149.217 38.4058 8.9640 databases
491.477 149.217 42.2603 8.9640 containing
537.383 149.217 12.2110 8.9640 the

306.650 160.137 27.7585 8.9640 history
336.739 160.137 8.4660 8.9640 of
347.710 160.137 12.1014 8.9640 the
362.341 160.137 41.6328 8.9640 operations
406.454 160.137 27.8581 8.9640 carried
436.871 160.137 12.7189 8.9640 out
452.080 160.137 7.7489 8.9640 in
462.289 160.137 12.1014 8.9640 the
477.040 160.137 28.7246 8.9640 studied
508.334 160.137 32.4596 8.9640 domain.

321.070 177.057 34.9098 8.9640 Mansoul
364.605 177.057 14.3424 8.9640 and
387.622 177.057 9.6811 8.9640 al.
405.959 177.057 11.6930 8.9640 [9]
426.307 177.057 36.4934 8.9640 proposed
471.495 177.057 9.4022 8.9640 an
489.483 177.057 36.6229 8.9640 approach
534.672 177.057 14.9998 8.9640 that

306.650 187.977 45.4774 8.9640 combinates
355.802 187.977 19.9598 8.9640 CBR
379.427 187.977 14.3424 8.9640 and
397.525 187.977 39.3918 8.9640 clustering
440.562 187.977 7.7489 8.9640 to
452.056 187.977 26.5832 8.9640 reduce
482.374 187.977 12.1014 8.9640 the
498.200 187.977 25.5972 8.9640 search
527.443 187.977 22.2905 8.9640 space

306.650 198.897 7.7489 8.9640 in
318.034 198.897 12.2110 8.9640 the
333.970 198.897 33.3361 8.9640 retrieval
371.011 198.897 18.5654 8.9640 step.
393.430 198.897 20.6869 8.9640 They
417.772 198.897 18.2766 8.9640 used
439.823 198.897 12.1014 8.9640 the
455.740 198.897 36.1378 8.9640 K-means
495.553 198.897 38.9038 8.9640 algorithm
538.221 198.897 11.5835 8.9640 for

306.650 209.817 41.8220 8.9640 clustering.
355.030 209.817 15.5774 8.9640 The
377.091 209.817 36.5532 8.9640 objective
420.128 209.817 6.6433 8.9640 is
433.206 209.817 7.7489 8.9640 to
447.468 209.817 33.7644 8.9640 consider
487.637 209.817 17.9510 8.9640 only
511.883 209.817 12.1014 8.9640 the
530.588 209.817 19.4320 8.9640 most

306.650 220.737 32.0413 8.9640 relevant
342.635 220.737 21.1451 8.9640 cases
367.704 220.737 14.3424 8.9640 and
386.051 220.737 12.1014 8.9640 the
402.236 220.737 19.2029 8.9640 most
425.383 220.737 42.2603 8.9640 interesting
471.537 220.737 32.2007 8.9640 solution
507.632 220.737 7.7489 8.9640 to
519.375 220.737 22.1809 8.9640 allow
545.281 220.737 4.4222 8.9640 a

306.650 231.807 22.7287 8.9640 better
334.219 231.807 33.2764 8.9640 decision
372.226 231.807 32.5692 8.9640 support.
409.630 231.807 15.5774 8.9640 The
430.018 231.807 36.6030 8.9640 proposed
471.481 231.807 36.6229 8.9640 approach
512.835 231.807 13.2169 8.9640 has
530.823 231.807 19.0037 8.9640 been

306.650 242.727 29.4418 8.9640 applied
339.249 242.727 7.7489 8.9640 to
350.145 242.727 4.4222 8.9640 a
357.814 242.727 31.4138 8.9640 medical
392.355 242.727 27.7087 8.9640 dataset
423.281 242.727 12.2110 8.9640 the
438.620 242.727 37.7584 8.9640 Vertebral
479.495 242.727 32.1907 8.9640 Column
514.843 242.727 18.8045 8.9640 Data
536.905 242.727 12.8384 8.9640 Set

306.650 253.647 8.3465 8.9640 of
317.470 253.647 42.7782 8.9640 orthopedic
362.830 253.647 33.4457 8.9640 patients.

321.070 270.567 36.5034 8.9640 Mekroud
360.730 270.567 14.3424 8.9640 and
378.230 270.567 9.6811 8.9640 al.
391.049 270.567 16.7228 8.9640 [10]
410.909 270.567 36.6030 8.9640 proposed
450.689 270.567 4.4222 8.9640 a
458.239 270.567 25.9558 8.9640 hybrid
487.660 270.567 39.2100 8.9640 approach,
529.997 270.567 19.9598 8.9640 CBR

306.650 281.487 14.3424 8.9640 and
327.874 281.487 49.6207 8.9640 Datamining,
384.348 281.487 29.4418 8.9640 applied
420.672 281.487 7.7489 8.9640 in
435.293 281.487 37.6488 8.9640 industrial
479.774 281.487 47.4793 8.9640 diagnostics.
534.086 281.487 15.5774 8.9640 The

306.650 292.407 36.6030 8.9640 proposed
347.635 292.407 29.9995 8.9640 process
381.917 292.407 25.9458 8.9640 begins
412.265 292.407 17.6890 8.9640 with
434.207 292.407 4.4222 8.9640 a
442.962 292.407 56.0350 8.9640 fragmentation
503.250 292.407 8.3465 8.9640 of
515.829 292.407 12.2110 8.9640 the
532.373 292.407 17.2507 8.9640 case

306.650 303.327 17.7487 8.9640 base
327.147 303.327 15.4280 8.9640 into
345.364 303.327 14.8105 8.9640 two
362.973 303.327 28.8143 8.9640 spaces:
394.517 303.327 96.1220 8.9640 Symptoms-Breakdowns
493.358 303.327 7.7489 8.9640 &
503.786 303.327 46.2304 8.9640 Symptoms-

306.650 314.247 40.4177 8.9640 Solutions;
350.165 314.247 35.4178 8.9640 followed
388.640 314.247 10.1293 8.9640 by
401.578 314.247 4.4222 8.9640 a
409.118 314.247 39.3918 8.9640 clustering
451.438 314.247 8.4660 8.9640 of
462.812 314.247 12.2110 8.9640 the
478.031 314.247 14.9300 8.9640 two
496.119 314.247 28.5354 8.9640 spaces,
527.662 314.247 14.4520 8.9640 and
545.152 314.247 4.4222 8.9640 a

306.650 325.167 34.9496 8.9640 mapping
346.569 325.167 33.3959 8.9640 between
384.935 325.167 18.2965 8.9640 their
408.430 325.167 33.0672 8.9640 clusters.
446.546 325.167 30.6668 8.9640 Finally,
482.383 325.167 4.4222 8.9640 a
491.855 325.167 20.0794 8.9640 CBR
516.924 325.167 21.0953 8.9640 cycle
543.059 325.167 6.6433 8.9640 is

306.650 336.087 29.4418 8.9640 applied
338.651 336.087 11.5835 8.9640 for
352.774 336.087 18.2766 8.9640 each
373.521 336.087 24.6610 8.9640 space.

321.070 353.007 53.1964 8.9640 Tahmasebian
382.722 353.007 14.4520 8.9640 and
405.730 353.007 9.6811 8.9640 al.
423.946 353.007 16.7228 8.9640 [11]
449.095 353.007 36.5134 8.9640 extracted
494.174 353.007 12.1014 8.9640 the
514.802 353.007 34.8700 8.9640 effective

306.650 363.927 47.0510 8.9640 information
360.832 363.927 19.4818 8.9640 from
387.196 363.927 12.2110 8.9640 the
406.499 363.927 37.3400 8.9640 summary
450.731 363.927 8.4660 8.9640 of
466.308 363.927 31.4138 8.9640 medical
504.814 363.927 29.5015 8.9640 records
541.357 363.927 8.3465 8.9640 of

306.650 374.847 30.9955 8.9640 patients
340.474 374.847 17.6890 8.9640 with
360.852 374.847 27.2705 8.9640 kidney
390.692 374.847 28.8940 8.9640 disease
422.355 374.847 14.3424 8.9640 and
439.496 374.847 33.2764 8.9640 deduced
475.571 374.847 12.1014 8.9640 the
490.561 374.847 30.8660 8.9640 weights
524.136 374.847 8.3465 8.9640 of
535.152 374.847 14.5316 8.9640 this

306.650 385.787 47.0510 8.9640 information
359.258 385.787 21.6431 8.9640 using
386.459 385.787 45.0192 8.9640 datamining
436.926 385.787 42.9499 8.9640 techniques
485.474 385.787 7.7489 8.9640 to
498.890 385.787 33.1967 8.9640 measure
537.614 385.787 12.3205 8.9640 the

306.650 396.707 38.3062 8.9640 similarity
347.525 396.707 17.4499 8.9640 rate.
367.774 396.707 30.6668 8.9640 Finally,
401.210 396.707 17.3204 8.9640 they
421.219 396.707 18.2766 8.9640 used
442.315 396.707 4.4222 8.9640 a
449.506 396.707 22.1311 8.9640 fuzzy
474.326 396.707 27.7784 8.9640 system
504.664 396.707 7.7489 8.9640 to
515.202 396.707 34.5114 8.9640 compare

306.650 407.627 12.1014 8.9640 the
321.639 407.627 44.4116 8.9640 similarities
368.880 407.627 33.3959 8.9640 between
405.084 407.627 12.2110 8.9640 the
420.184 407.627 28.2964 8.9640 current
451.338 407.627 17.1412 8.9640 case
471.478 407.627 14.3424 8.9640 and
488.738 407.627 34.4417 8.9640 previous
526.019 407.627 23.7148 8.9640 cases.

306.650 418.547 15.5774 8.9640 The
324.757 418.547 27.6589 8.9640 system
354.856 418.547 13.3464 8.9640 has
370.682 418.547 18.8842 8.9640 been
392.017 418.547 52.0908 8.9640 implemented
446.677 418.547 10.0098 8.9640 on
459.137 418.547 12.1014 8.9640 the
473.888 418.547 33.2764 8.9640 Android
509.714 418.547 36.7723 8.9640 platform.

321.070 435.467 46.5916 8.9640 El-Sappagh
373.587 435.467 14.3424 8.9640 and
393.965 435.467 31.6927 8.9640 Elmogy
431.465 435.467 16.7228 8.9640 [12]
454.204 435.467 36.4934 8.9640 proposed
496.753 435.467 4.4222 8.9640 a
507.181 435.467 16.6631 8.9640 new
529.601 435.467 20.0794 8.9640 CBR

306.650 446.387 35.5373 8.9640 ontology
345.474 446.387 66.1207 8.9640 (CBRDiabOnto)
415.090 446.387 11.5835 8.9640 for
430.289 446.387 12.1014 8.9640 the
445.877 446.387 22.1311 8.9640 fuzzy
471.414 446.387 34.0453 8.9640 KI-CBR
508.886 446.387 41.1049 8.9640 diagnostic

306.650 457.307 27.7784 8.9640 system
341.788 457.307 41.0452 8.9640 (diagnosis
390.224 457.307 8.4660 8.9640 of
406.040 457.307 32.7485 8.9640 diabetes
446.329 457.307 37.8679 8.9640 mellitus).
491.647 457.307 15.5774 8.9640 The
514.674 457.307 34.9397 8.9640 resulting

306.650 468.227 35.5373 8.9640 ontology
345.842 468.227 6.7429 8.9640 is
356.390 468.227 34.3421 8.9640 enriched
394.750 468.227 10.1400 8.9640 by
408.550 468.227 28.4059 8.9640 several
440.790 468.227 20.9957 8.9640 types
465.600 468.227 8.3465 8.9640 of
477.702 468.227 19.1332 8.9640 data,
500.719 468.227 18.4061 8.9640 such
522.900 468.227 8.2967 8.9640 as
535.131 468.227 14.7209 8.9640 net,

306.650 479.147 37.8779 8.9640 semantic,
352.217 479.147 22.1311 8.9640 fuzzy
381.838 479.147 41.3340 8.9640 reasoning,
430.861 479.147 27.1012 8.9640 textual
465.522 479.147 14.3424 8.9640 and
487.463 479.147 30.7664 8.9640 ordinal.
525.809 479.147 23.9638 8.9640 These

306.650 490.067 34.2923 8.9640 different
347.286 490.067 21.1252 8.9640 types
374.736 490.067 8.3465 8.9640 of
389.357 490.067 16.6432 8.9640 data
412.494 490.067 34.8998 8.9640 facilitate
453.749 490.067 12.1014 8.9640 the
472.215 490.067 56.8824 8.9640 representation
535.392 490.067 14.4520 8.9640 and

306.650 500.987 34.9397 8.9640 recovery
344.996 500.987 8.4660 8.9640 of
356.967 500.987 21.0156 8.9640 cases
381.559 500.987 14.4520 8.9640 and
399.646 500.987 29.9696 8.9640 support
433.201 500.987 12.1014 8.9640 the
448.908 500.987 42.7384 8.9640 expression
495.172 500.987 8.3465 8.9640 of
507.025 500.987 28.9238 8.9640 queries
539.514 500.987 10.1293 8.9640 by

306.650 511.907 44.5810 8.9640 physicians.
356.519 511.907 8.3266 8.9640 In
370.055 511.907 14.3225 8.9640 this
389.726 511.907 18.9240 8.9640 way,
413.939 511.907 17.3204 8.9640 they
436.349 511.907 38.2763 8.9640 improved
479.964 511.907 12.1014 8.9640 the
497.473 511.907 19.2029 8.9640 most
521.935 511.907 27.8282 8.9640 critical

306.650 522.827 20.3881 8.9640 stage
329.568 522.827 8.3465 8.9640 of
340.344 522.827 12.2110 8.9640 the
355.205 522.827 19.9598 8.9640 CBR
377.634 522.827 27.7784 8.9640 system
407.853 522.827 25.5275 8.9640 (recall
435.891 522.827 14.3424 8.9640 and
452.793 522.827 35.0592 8.9640 recovery
490.182 522.827 8.3465 8.9640 of
500.959 522.827 12.2110 8.9640 the
515.700 522.827 23.2896 8.9640 case).

321.070 539.747 40.3978 8.9640 Benamina
364.714 539.747 14.4520 8.9640 and
382.443 539.747 9.6811 8.9640 al.
395.381 539.747 16.7228 8.9640 [13]
415.361 539.747 18.7049 8.9640 have
437.313 539.747 41.0551 8.9640 developed
481.665 539.747 4.4222 8.9640 a
489.334 539.747 22.1311 8.9640 fuzzy
514.752 539.747 19.9598 8.9640 CBR
538.018 539.747 11.5835 8.9640 for

306.650 550.697 32.7485 8.9640 diabetes
348.023 550.697 37.7437 8.9640 diagnosis
394.363 550.697 14.8703 8.9640 that
417.868 550.697 49.5012 8.9640 incorporates
475.995 550.697 22.1311 8.9640 fuzzy
506.691 550.697 19.9001 8.9640 logic
535.227 550.697 14.5615 8.9640 and

306.650 561.617 44.8997 8.9640 datamining
355.802 561.617 7.7489 8.9640 to
367.904 561.617 33.0672 8.9640 improve
405.303 561.617 12.1014 8.9640 the
421.737 561.617 34.8700 8.9640 response
460.940 561.617 17.6093 8.9640 time
482.882 561.617 14.3424 8.9640 and
501.587 561.617 35.5572 8.9640 accuracy
541.277 561.617 8.4660 8.9640 of

306.650 572.537 34.9397 8.9640 recovery
347.396 572.537 8.3465 8.9640 of
361.649 572.537 27.7784 8.9640 similar
395.443 572.537 23.5056 8.9640 cases.
424.954 572.537 15.5774 8.9640 The
446.538 572.537 36.6030 8.9640 proposed
489.087 572.537 22.1311 8.9640 fuzzy
517.025 572.537 19.9598 8.9640 CBR
542.931 572.537 6.7429 8.9640 is

306.650 583.577 40.3380 8.9640 composed
349.806 583.577 8.4660 8.9640 of
361.030 583.577 12.2110 8.9640 the
376.009 583.577 15.5874 8.9640 part
394.336 583.577 8.3465 8.9640 of
405.352 583.577 52.8378 8.9640 classification
460.879 583.577 10.1293 8.9640 by
473.697 583.577 22.2407 8.9640 fuzzy
498.627 583.577 33.2764 8.9640 decision
534.712 583.577 14.9500 8.9640 tree

306.650 594.497 31.5832 8.9640 realized
343.691 594.497 10.0098 8.9640 by
359.029 594.497 25.4777 8.9640 Fispro
389.945 594.497 14.3424 8.9640 and
409.726 594.497 12.2110 8.9640 the
427.464 594.497 15.5874 8.9640 part
448.430 594.497 8.3465 8.9640 of
462.085 594.497 43.5030 8.9640 case-based
511.060 594.497 38.7842 8.9640 reasoning

306.650 605.417 31.5832 8.9640 realized
341.888 605.417 10.0098 8.9640 by
355.304 605.417 12.2110 8.9640 the
371.121 605.417 34.4716 8.9640 platform
409.150 605.417 45.3600 8.9640 jCOLIBRI.
458.140 605.417 20.6869 8.9640 They
482.233 605.417 18.1670 8.9640 used
504.175 605.417 22.1311 8.9640 fuzzy
529.832 605.417 20.1092 8.9640 logic

306.650 616.337 7.7489 8.9640 to
321.032 616.337 26.5832 8.9640 reduce
354.238 616.337 12.1014 8.9640 the
372.943 616.337 44.7901 8.9640 complexity
424.148 616.337 8.4660 8.9640 of
439.128 616.337 43.8340 8.9640 calculating
489.495 616.337 12.1014 8.9640 the
508.200 616.337 26.5832 8.9640 degree
541.407 616.337 8.3465 8.9640 of

306.650 627.257 38.3062 8.9640 similarity
347.884 627.257 14.9998 8.9640 that
365.981 627.257 17.2109 8.9640 may
386.001 627.257 18.9539 8.9640 exist
407.933 627.257 33.3859 8.9640 between
444.247 627.257 31.6429 8.9640 diabetic
478.898 627.257 31.1051 8.9640 patients
512.951 627.257 36.7225 8.9640 requiring

306.650 638.177 34.2923 8.9640 different
343.432 638.177 48.1964 8.9640 surveillance
394.168 638.177 23.5952 8.9640 plans.

385.990 657.497 12.5699 8.9640 III.
403.030 657.497 61.2077 8.9640 CONTRIBUTION

320.830 672.617 29.9198 8.9640 Among
353.319 672.617 28.1868 8.9640 several
384.135 672.617 32.1907 8.9640 recently
418.896 672.617 18.1670 8.9640 used
439.762 672.617 44.2321 8.9640 treatments,
486.524 672.617 63.4651 8.9640 immunotherapy

306.650 683.537 17.6890 8.9640 with
327.625 683.537 12.2110 8.9640 the
343.203 683.537 46.1646 8.9640 CANDIDA
392.604 683.537 29.4418 8.9640 antigen
425.452 683.537 13.2169 8.9640 has
442.006 683.537 27.7286 8.9640 proved
473.151 683.537 9.4122 8.9640 its
485.860 683.537 52.1804 8.9640 effectiveness
541.357 683.537 8.2967 8.9640 as

306.650 694.457 4.4222 8.9640 a
313.841 694.457 37.5392 8.9640 treatment
354.238 694.457 11.5835 8.9640 for
368.720 694.457 21.3941 8.9640 warts
392.823 694.457 14.4520 8.9640 and
410.074 694.457 39.9894 8.9640 especially
452.753 694.457 11.5835 8.9640 for
467.115 694.457 27.6589 8.9640 plantar
497.563 694.457 14.3424 8.9640 and
514.704 694.457 34.8401 8.9640 common

306.650 705.397 21.6132 8.9640 warts
333.741 705.397 14.8703 8.9640 that
354.129 705.397 12.2110 8.9640 are
371.868 705.397 17.8085 8.9640 very
395.005 705.397 28.1868 8.9640 painful
428.809 705.397 14.3424 8.9640 and
448.709 705.397 43.2065 8.9640 contagious
497.620 705.397 11.5835 8.9640 for
514.780 705.397 35.1090 8.9640 children,

306.650 716.317 45.9853 8.9640 adolescents
358.222 716.317 14.4520 8.9640 and
378.352 716.317 26.7227 8.9640 people
410.831 716.317 17.5694 8.9640 with
434.197 716.317 39.7504 8.9640 weakened
479.645 716.317 32.7086 8.9640 immune
518.001 716.317 31.5832 8.9640 systems

306.650 727.237 17.0914 8.9640 who
326.301 727.237 12.2577 8.9640 are
341.208 727.237 20.3582 8.9640 more
364.096 727.237 22.7287 8.9640 likely
389.275 727.237 7.7489 8.9640 to
399.573 727.237 23.1968 8.9640 suffer
425.330 727.237 19.4718 8.9640 from
447.340 727.237 20.5076 8.9640 these
470.477 727.237 24.1129 8.9640 warts.

67.0600 828.154 33.4600 6.4750 Authorized
102.466 828.154 25.6760 6.4750 licensed
130.088 828.154 11.2840 6.4750 use
143.318 828.154 20.2230 6.4750 limited
165.487 828.154 7.7840 6.4750 to:
175.217 828.154 50.1830 6.4750 Fernuniversitaet
227.346 828.154 22.5680 6.4750 Hagen.
251.860 828.154 38.9060 6.4750 Downloaded
292.712 828.154 7.7840 6.4750 on
302.442 828.154 24.8990 6.4750 October
329.287 828.154 25.2980 6.4750 11,2022
356.531 828.154 5.8380 6.4750 at
364.315 828.154 27.2440 6.4750 16:15:51
393.505 828.154 14.3850 6.4750 UTC
409.836 828.154 14.0000 6.4750 from
425.782 828.154 15.9530 6.4750 IEEE
443.681 828.154 22.1760 6.4750 Xplore.
469.749 828.154 36.5610 6.4750 Restrictions
508.256 828.154 18.6760 6.4750 apply.

59.7840 55.8373 13.8942 8.9640 We
78.1303 55.8373 31.5134 8.9640 propose
114.095 55.8373 4.4222 8.9640 a
122.970 55.8373 31.4138 8.9640 medical
158.836 55.8373 33.2764 8.9640 decision
196.485 55.8373 29.9696 8.9640 support
230.876 55.8373 27.6689 8.9640 system
262.908 55.8373 25.5175 8.9640 whose

45.3600 66.7573 36.5532 8.9640 objective
90.1999 66.7573 6.6433 8.9640 is
105.070 66.7573 7.7489 8.9640 to
121.125 66.7573 17.0914 8.9640 help
146.543 66.7573 49.8996 8.9640 practitioners
204.680 66.7573 36.1448 8.9640 choosing
249.032 66.7573 12.1014 8.9640 the
269.420 66.7573 18.9340 8.9640 right

45.3600 77.6973 40.1388 8.9640 treatment.

45.3600 94.6173 8.6100 8.9640 A.
59.7840 94.6173 19.9001 8.9640 Case
82.2139 94.6173 44.9096 8.9640 description

59.7840 111.537 19.9598 8.9640 Each
82.5526 111.537 17.1412 8.9640 case
102.691 111.537 31.6927 8.9640 consists
137.223 111.537 8.3465 8.9640 of
148.467 111.537 4.4222 8.9640 a
155.778 111.537 33.3760 8.9640 problem
191.963 111.537 15.5874 8.9640 part
210.409 111.537 14.4520 8.9640 and
227.779 111.537 4.4222 8.9640 a
235.090 111.537 32.3102 8.9640 solution
270.208 111.537 18.0774 8.9640 part.

45.3600 122.457 15.5774 8.9640 The
68.5070 122.457 33.2664 8.9640 problem
109.143 122.457 15.5874 8.9640 part
132.271 122.457 6.6433 8.9640 is
146.424 122.457 38.4201 8.9640 described
192.463 122.457 10.0098 8.9640 by
209.843 122.457 4.4222 8.9640 a
221.835 122.457 11.0357 8.9640 set
240.431 122.457 8.3465 8.9640 of
256.247 122.457 32.1509 8.9640 relevant

45.3600 133.377 57.1206 8.9640 characteristics
112.998 133.377 23.8144 8.9640 called
147.410 133.377 46.3538 8.9640 descriptors.
204.212 133.377 15.5774 8.9640 The
230.357 133.377 32.0812 8.9640 solution
272.926 133.377 15.5874 8.9640 part

45.3600 144.297 40.4476 8.9640 represents
88.2776 144.297 12.1014 8.9640 the
102.908 144.297 22.1909 8.9640 result
127.589 144.297 8.4760 8.9640 of
138.496 144.297 12.1014 8.9640 the
153.127 144.297 40.2583 8.9640 treatment.

63.3840 161.217 8.3567 8.9640 1)
81.3840 161.217 34.3919 8.9640 Problem
118.305 161.217 16.6730 8.9640 part

59.7840 178.137 17.7985 8.9640 This
81.6163 178.137 15.5874 8.9640 part
101.267 178.137 40.3380 8.9640 represents
145.639 178.137 47.2801 8.9640 information
196.933 178.137 22.1909 8.9640 about
223.187 178.137 12.1014 8.9640 the
239.372 178.137 29.9995 8.9640 patient;
273.426 178.137 14.9998 8.9640 that

45.3600 189.057 9.3724 8.9640 is:
61.3159 189.057 39.6408 8.9640 Identifier,
107.780 189.057 17.3700 8.9640 Sex,
131.883 189.057 19.0336 8.9640 Age,
157.549 189.057 17.8384 8.9640 time
181.991 189.057 29.9198 8.9640 elapsed
218.574 189.057 25.6171 8.9640 before
250.795 189.057 37.7584 8.9640 treatment

45.3600 199.977 38.5051 8.9640 (months),
86.8730 199.977 30.3979 8.9640 number
120.189 199.977 8.3465 8.9640 of
131.553 199.977 23.9638 8.9640 warts,
158.525 199.977 17.2408 8.9640 type
178.654 199.977 8.3465 8.9640 of
189.909 199.977 21.5136 8.9640 warts
214.361 199.977 40.7364 8.9640 (common,
257.985 199.977 30.2983 8.9640 plantar,

45.3600 210.897 23.5753 8.9640 both),
71.7042 210.897 28.6450 8.9640 surface
103.118 210.897 8.4660 8.9640 of
114.253 210.897 12.2110 8.9640 the
129.233 210.897 26.6231 8.9640 largest
158.714 210.897 17.7587 8.9640 wart
179.212 210.897 27.5494 8.9640 (mm²),
209.530 210.897 41.0551 8.9640 induration
253.275 210.897 34.9496 8.9640 diameter

45.3600 221.817 8.3465 8.9640 of
56.1367 221.817 12.1014 8.9640 the
70.7680 221.817 23.2865 8.9640 initial
96.5444 221.817 13.9340 8.9640 test
112.968 221.817 24.6908 8.9640 (mm).

63.3840 238.767 8.3567 8.9640 2)
81.3840 238.767 33.3760 8.9640 Solution
117.210 238.767 16.6730 8.9640 part

59.7840 255.807 8.3266 8.9640 In
71.0388 255.807 12.1014 8.9640 the
86.2676 255.807 32.2007 8.9640 solution
121.396 255.807 18.0774 8.9640 part,
142.481 255.807 12.1014 8.9640 the
157.591 255.807 22.1909 8.9640 result
182.859 255.807 33.2066 8.9640 attribute
219.064 255.807 8.3465 8.9640 of
230.319 255.807 12.2110 8.9640 the
245.538 255.807 42.8479 8.9640 processing

45.3600 266.727 92.5085 8.9640 (Result_of_treatement)
140.398 266.727 6.6433 8.9640 is
149.511 266.727 22.8383 8.9640 either
174.909 266.727 30.1347 8.9640 success
207.524 266.727 8.3465 8.9640 or
218.410 266.727 28.3760 8.9640 failure.

45.3600 283.647 8.6100 8.9640 B.
59.7840 283.647 38.2862 8.9640 Proposed
100.649 283.647 38.2862 8.9640 approach

59.7840 300.567 15.5774 8.9640 The
79.2060 300.567 71.8016 8.9640 "Immunotherapy"
154.971 300.567 34.2923 8.9640 database
193.370 300.567 15.3782 8.9640 was
212.570 300.567 36.6229 8.9640 extracted
253.087 300.567 19.4818 8.9640 from
276.214 300.567 12.3205 8.9640 the

45.3600 311.487 17.1212 8.9640 UCI
65.1406 311.487 34.8799 8.9640 Machine
102.779 311.487 36.0253 8.9640 Learning
141.484 311.487 46.4260 8.9640 Repository.
190.730 311.487 18.8045 8.9640 Data
212.313 311.487 15.5077 8.9640 was
230.420 311.487 36.0253 8.9640 collected
269.274 311.487 19.4818 8.9640 from

45.3600 322.407 10.0098 8.9640 90
58.6466 322.407 30.9955 8.9640 patients
92.9489 322.407 17.5794 8.9640 with
113.685 322.407 27.7685 8.9640 plantar
144.721 322.407 14.3424 8.9640 and
162.340 322.407 34.9596 8.9640 common
200.586 322.407 21.5136 8.9640 warts
225.406 322.407 16.9818 8.9640 who
245.665 322.407 31.6728 8.9640 referred
280.635 322.407 7.7489 8.9640 to

45.3600 333.327 12.1014 8.9640 the
61.0669 333.327 59.8198 8.9640 dermatological
124.492 333.327 24.6709 8.9640 clinic.
152.778 333.327 23.8741 8.9640 These
180.248 333.327 14.8105 8.9640 two
198.694 333.327 21.1252 8.9640 types
223.375 333.327 8.3465 8.9640 of
235.347 333.327 21.4937 8.9640 warts
260.396 333.327 12.2110 8.9640 are
276.212 333.327 12.5292 8.9640 the

45.3600 344.247 19.3224 8.9640 most
67.1724 344.247 35.0891 8.9640 common
104.711 344.247 19.2427 8.9640 [14].

59.7840 361.167 18.8045 8.9640 Data
84.8533 361.167 13.2169 8.9640 has
104.285 361.167 18.8842 8.9640 been
129.344 361.167 33.3660 8.9640 reported
168.895 361.167 7.7489 8.9640 in
182.809 361.167 4.4222 8.9640 a
193.477 361.167 19.4220 8.9640 table
219.024 361.167 7.7489 8.9640 to
232.938 361.167 19.3622 8.9640 form
258.346 361.167 4.4222 8.9640 a
269.013 361.167 19.4220 8.9640 CSV

45.3600 372.087 34.8799 8.9640 (Comma
82.7698 372.087 39.3719 8.9640 Separated
124.731 372.087 30.9358 8.9640 Values)
158.420 372.087 15.8100 8.9640 file.

59.5440 389.387 15.5774 8.9640 The
77.6513 389.387 19.8503 8.9640 main
99.9840 389.387 20.0694 8.9640 steps
122.540 389.387 8.3567 8.9640 of
133.340 389.387 13.2667 8.9640 our
149.146 389.387 36.6229 8.9640 approach
188.219 389.387 14.9798 8.9640 are:

63.3840 401.527 4.5816 9.0536 
81.3840 401.627 44.3220 8.9640 Generation
130.556 401.627 8.3465 8.9640 of
143.733 401.627 12.2110 8.9640 the
160.874 401.627 33.2764 8.9640 decision
199.001 401.627 14.9500 8.9640 tree
218.891 401.627 17.5993 8.9640 with
241.321 401.627 12.2110 8.9640 the
258.462 401.627 30.0792 8.9640 WEKA

81.3840 413.027 34.4716 8.9640 platform
121.293 413.027 19.4818 8.9640 from
146.094 413.027 4.4222 8.9640 a
156.044 413.027 32.6788 8.9640 learning
194.290 413.027 28.2964 8.9640 sample
228.104 413.027 20.4877 8.9640 (case
254.120 413.027 21.0654 8.9640 base)
280.723 413.027 7.7489 8.9640 to

81.3840 424.547 27.1111 8.9640 extract
110.985 424.547 12.1213 8.9640 the
125.636 424.547 32.2604 8.9640 relevant
160.386 424.547 39.7485 8.9640 attributes.

63.3840 436.687 4.5816 9.0536 
81.3840 436.787 46.0018 8.9640 Calculation
134.636 436.787 8.4660 8.9640 of
150.333 436.787 19.4320 8.9640 local
177.066 436.787 44.5212 8.9640 similarities
228.858 436.787 22.7287 8.9640 based
258.947 436.787 10.0098 8.9640 on
276.208 436.787 12.2110 8.9640 the

81.3840 448.307 37.0811 8.9640 attributes
125.028 448.307 33.7544 8.9640 revealed
165.436 448.307 10.1293 8.9640 by
181.980 448.307 12.1014 8.9640 the
200.804 448.307 33.2764 8.9640 decision
240.614 448.307 17.6455 8.9640 tree.
264.890 448.307 23.8792 8.9640 These

81.3840 459.827 37.0910 8.9640 functions
127.917 459.827 12.2110 8.9640 are
149.620 459.827 39.8500 8.9640 integrated
199.021 459.827 15.5376 8.9640 into
224.071 459.827 12.1014 8.9640 the
245.664 459.827 42.7583 8.9640 jCOLIBRI

81.3840 471.347 36.8060 8.9640 platform.
124.923 471.347 15.5995 8.9640 The
147.245 471.347 38.3062 8.9640 similarity
192.204 471.347 33.3859 8.9640 between
232.244 471.347 14.9300 8.9640 two
253.937 471.347 21.1351 8.9640 cases
281.765 471.347 6.7429 8.9640 is

81.3840 482.747 34.3421 8.9640 obtained
118.903 482.747 10.0098 8.9640 by
131.841 482.747 12.1014 8.9640 the
147.189 482.747 67.3075 8.9640 nearest-neighbor
217.634 482.747 38.6149 8.9640 technique
259.377 482.747 20.4778 8.9640 since
282.992 482.747 5.5378 8.9640 it

81.3840 494.267 6.6433 8.9640 is
90.4974 494.267 12.1014 8.9640 the
105.248 494.267 19.3224 8.9640 most
127.190 494.267 18.1968 8.9640 used
147.966 494.267 7.7489 8.9640 in
158.275 494.267 31.5832 8.9640 systems
192.338 494.267 22.8283 8.9640 based
217.746 494.267 10.0098 8.9640 on
230.206 494.267 12.1014 8.9640 the
244.837 494.267 20.0794 8.9640 CBR
267.386 494.267 14.2129 8.9640 [3].

63.3840 506.407 4.5816 9.0536 
81.3840 506.507 48.7442 8.9640 Comparison
132.937 506.507 33.2764 8.9640 between
169.022 506.507 12.2110 8.9640 the
184.121 506.507 38.4157 8.9640 similarity
225.226 506.507 26.0454 8.9640 results
254.110 506.507 34.3421 8.9640 obtained

81.3840 518.027 10.0098 8.9640 by
94.3220 518.027 12.2110 8.9640 the
109.660 518.027 36.7126 8.9640 proposed
149.550 518.027 36.5034 8.9640 approach
189.101 518.027 14.3424 8.9640 and
206.601 518.027 33.7046 8.9640 classical
243.433 518.027 44.9694 8.9640 approaches

81.3840 529.547 24.4020 8.9640 which
108.260 529.547 33.7644 8.9640 consider
144.620 529.547 9.9600 8.9640 all
157.089 529.547 12.2110 8.9640 the
171.830 529.547 39.6707 8.9640 attributes.

59.7840 552.137 15.5774 8.9640 The
80.7697 552.137 27.6988 8.9640 overall
113.856 552.137 47.1108 8.9640 architecture
166.375 552.137 8.3465 8.9640 of
180.150 552.137 12.1014 8.9640 the
197.660 552.137 36.7126 8.9640 proposed
239.830 552.137 36.8500 8.9640 approach
282.009 552.137 6.6433 8.9640 is

45.3600 563.057 39.8500 8.9640 illustrated
87.7996 563.057 7.7489 8.9640 in
97.9886 563.057 15.7966 8.9640 Fig.
116.315 563.057 7.7987 8.9640 1:

306.650 265.998 12.5665 7.2360 Fig.
321.274 265.998 6.0782 7.2360 1.
333.310 265.998 40.0237 7.2360 Architecture
375.279 265.998 6.6410 7.2360 of
383.914 265.998 9.9133 7.2360 the
395.660 265.998 29.3219 7.2360 proposed
427.065 265.998 29.2013 7.2360 approach

321.070 281.247 8.3266 8.9640 In
332.205 281.247 21.1451 8.9640 order
356.268 281.247 7.7489 8.9640 to
366.925 281.247 29.9696 8.9640 support
399.754 281.247 29.4019 8.9640 doctors
431.994 281.247 7.7489 8.9640 in
442.661 281.247 40.4675 8.9640 predicting
485.937 281.247 12.2110 8.9640 the
501.037 281.247 22.1909 8.9640 result
526.076 281.247 8.4660 8.9640 of
537.331 281.247 12.2110 8.9640 the

306.650 292.167 63.3556 8.9640 immunotherapy
373.780 292.167 37.6488 8.9640 treatment
415.373 292.167 10.0098 8.9640 on
429.387 292.167 4.4222 8.9640 a
437.773 292.167 22.1311 8.9640 given
463.798 292.167 29.6111 8.9640 patient,
497.384 292.167 12.2110 8.9640 the
513.559 292.167 36.1648 8.9640 collected

306.650 303.087 16.6432 8.9640 data
326.908 303.087 13.2169 8.9640 has
343.701 303.087 18.8842 8.9640 been
366.220 303.087 42.7284 8.9640 introduced
412.584 303.087 15.4280 8.9640 into
431.757 303.087 12.1014 8.9640 the
447.464 303.087 42.7583 8.9640 jCOLIBRI
493.838 303.087 43.8041 8.9640 framework
541.168 303.087 8.4262 8.9640 as

306.650 314.007 12.1014 8.9640 the
321.759 314.007 17.1412 8.9640 case
341.908 314.007 20.2387 8.9640 base.
365.274 314.007 7.1911 8.9640 A
375.344 314.007 17.1412 8.9640 case
395.493 314.007 6.6433 8.9640 is
405.084 314.007 38.3958 8.9640 described
446.538 314.007 10.0098 8.9640 by
459.356 314.007 4.9800 8.9640 8
467.374 314.007 37.3422 8.9640 attributes
507.814 314.007 42.0312 8.9640 mentioned

306.650 324.927 26.3342 8.9640 above.
336.490 324.927 19.9598 8.9640 Each
359.856 324.927 17.1412 8.9640 case
380.483 324.927 6.7429 8.9640 is
390.662 324.927 41.1946 8.9640 associated
435.492 324.927 17.5694 8.9640 with
456.468 324.927 4.4222 8.9640 a
464.376 324.927 19.4718 8.9640 class
487.284 324.927 14.9798 8.9640 that
505.740 324.927 44.0332 8.9640 determines

306.650 335.847 12.1014 8.9640 the
321.281 335.847 34.4018 8.9640 outcome
358.212 335.847 8.3465 8.9640 of
368.989 335.847 12.2110 8.9640 the
383.730 335.847 63.3456 8.9640 immunotherapy
449.406 335.847 40.2583 8.9640 treatment.

321.070 352.767 11.2150 8.9640 To
339.764 352.767 33.6847 8.9640 generate
380.909 352.767 12.1014 8.9640 the
400.461 352.767 33.2764 8.9640 decision
441.227 352.767 17.4698 8.9640 tree,
466.266 352.767 11.3843 8.9640 we
485.101 352.767 18.2766 8.9640 used
510.877 352.767 12.1014 8.9640 the
530.548 352.767 19.1232 8.9640 C4.5

306.650 363.687 38.7942 8.9640 algorithm
349.328 363.687 20.6770 8.9640 (J48)
374.109 363.687 51.9812 8.9640 implemented
430.223 363.687 7.7489 8.9640 in
441.976 363.687 12.1014 8.9640 the
458.161 363.687 29.9597 8.9640 WEKA
492.095 363.687 34.4716 8.9640 platform
530.451 363.687 19.2427 8.9640 [15].

306.650 374.607 17.7985 8.9640 This
329.797 374.607 38.7942 8.9640 algorithm
373.909 374.607 6.7429 8.9640 is
386.011 374.607 9.5317 8.9640 an
400.871 374.607 38.4257 8.9640 extension
444.625 374.607 8.3465 8.9640 of
458.281 374.607 12.4412 8.9640 the
476.130 374.607 15.5177 8.9640 ID3
497.096 374.607 41.2145 8.9640 algorithm.
543.719 374.607 6.1154 8.9640 It

306.650 385.527 40.4476 8.9640 constructs
350.055 385.527 12.1014 8.9640 the
365.165 385.527 33.3959 8.9640 decision
401.489 385.527 14.9500 8.9640 tree
419.457 385.527 19.3622 8.9640 from
441.618 385.527 4.4222 8.9640 a
449.048 385.527 11.0357 8.9640 set
463.081 385.527 8.3465 8.9640 of
474.336 385.527 31.1051 8.9640 training
508.369 385.527 16.6432 8.9640 data
528.030 385.527 21.6431 8.9640 using

306.650 396.467 12.1014 8.9640 the
321.759 396.467 31.0652 8.9640 concept
355.802 396.467 8.3465 8.9640 of
367.057 396.467 47.0510 8.9640 information
417.036 396.467 30.6170 8.9640 entropy
450.462 396.467 16.7228 8.9640 [17]
470.213 396.467 24.1729 8.9640 which
497.433 396.467 36.9616 8.9640 measures
537.373 396.467 12.2110 8.9640 the

306.650 407.387 29.8601 8.9640 amount
339.976 407.387 8.3465 8.9640 of
351.709 407.387 47.1706 8.9640 information
402.285 407.387 35.5174 8.9640 provided
441.339 407.387 10.0098 8.9640 by
454.635 407.387 4.4222 8.9640 a
462.543 407.387 21.8921 8.9640 node.
487.941 407.387 6.1154 8.9640 It
497.394 407.387 16.0456 8.9640 also
516.925 407.387 17.0615 8.9640 uses
537.443 407.387 12.1014 8.9640 the

306.650 418.307 17.0914 8.9640 gain
326.550 418.307 34.3421 8.9640 obtained
363.710 418.307 10.1293 8.9640 by
376.529 418.307 41.6627 8.9640 measuring
420.881 418.307 12.3205 8.9640 the
435.970 418.307 26.5832 8.9640 degree
465.332 418.307 8.3465 8.9640 of
476.468 418.307 28.2366 8.9640 mixing
507.393 418.307 27.8581 8.9640 classes
538.420 418.307 11.5835 8.9640 for

306.650 429.227 18.2766 8.9640 each
327.874 429.227 28.1768 8.9640 sample
359.049 429.227 14.4520 8.9640 and
376.539 429.227 35.9456 8.9640 therefore
415.492 429.227 11.5835 8.9640 for
430.094 429.227 14.4520 8.9640 any
447.354 429.227 32.1907 8.9640 position
482.473 429.227 8.3465 8.9640 of
493.728 429.227 12.2110 8.9640 the
508.947 429.227 14.9500 8.9640 tree
526.915 429.227 22.6092 8.9640 under

306.650 440.267 51.7721 8.9640 construction.

321.070 457.187 15.5774 8.9640 The
340.731 457.187 47.0510 8.9640 information
391.915 457.187 17.0914 8.9640 gain
413.030 457.187 13.9739 8.9640 can
431.138 457.187 19.4220 8.9640 meet
454.643 457.187 12.1014 8.9640 the
470.828 457.187 33.8640 8.9640 criterion
508.706 457.187 8.4660 8.9640 of
521.166 457.187 4.4222 8.9640 a
529.672 457.187 19.9598 8.9640 good

306.650 468.107 33.2764 8.9640 decision
342.496 468.107 14.9500 8.9640 tree
360.105 468.107 24.2924 8.9640 which
386.967 468.107 7.1911 8.9640 at
396.798 468.107 18.2766 8.9640 each
417.664 468.107 19.4021 8.9640 node
439.715 468.107 19.2029 8.9640 must
461.538 468.107 9.4520 8.9640 be
473.639 468.107 40.9655 8.9640 associated
517.284 468.107 17.5993 8.9640 with
537.433 468.107 12.2110 8.9640 the

306.650 479.027 40.9190 8.9640 non-target
354.411 479.027 33.3162 8.9640 attribute
394.570 479.027 14.8703 8.9640 that
416.283 479.027 34.4118 8.9640 provides
457.507 479.027 12.1014 8.9640 the
476.580 479.027 19.2029 8.9640 most
502.606 479.027 47.1606 8.9640 information

306.650 489.947 29.8814 8.9640 relative
339.778 489.947 7.7489 8.9640 to
350.794 489.947 12.1014 8.9640 the
366.142 489.947 20.5574 8.9640 other
389.976 489.947 37.2006 8.9640 attributes
430.484 489.947 12.7189 8.9640 not
446.539 489.947 11.9918 8.9640 yet
461.888 489.947 18.1670 8.9640 used
483.351 489.947 7.8485 8.9640 in
494.367 489.947 12.2110 8.9640 the
509.825 489.947 17.2009 8.9640 path
530.323 489.947 19.4818 8.9640 from

306.650 500.867 12.1014 8.9640 the
321.281 500.867 18.6650 8.9640 root.

321.070 517.787 15.5774 8.9640 The
339.655 517.787 27.7087 8.9640 dataset
370.352 517.787 13.2169 8.9640 has
386.547 517.787 18.8842 8.9640 been
408.359 517.787 43.9236 8.9640 subdivided
455.340 517.787 15.4280 8.9640 into
473.796 517.787 14.8105 8.9640 two
491.645 517.787 22.1909 8.9640 parts:
516.813 517.787 32.9178 8.9640 learning

306.650 528.707 11.0357 8.9640 set
321.042 528.707 14.4520 8.9640 and
338.890 528.707 13.8344 8.9640 test
356.161 528.707 13.5257 8.9640 set.
373.063 528.707 13.8942 8.9640 We
390.443 528.707 18.7049 8.9640 have
412.624 528.707 31.7027 8.9640 adopted
447.733 528.707 12.1014 8.9640 the
463.201 528.707 33.8640 8.9640 partition
500.461 528.707 24.1928 8.9640 (70%,
528.021 528.707 21.6730 8.9640 30%)

306.650 539.627 11.5835 8.9640 for
322.337 539.627 12.1014 8.9640 the
338.522 539.627 32.7883 8.9640 learning
375.324 539.627 14.3424 8.9640 and
393.790 539.627 13.9241 8.9640 test
411.777 539.627 15.0296 8.9640 sets
430.960 539.627 50.5669 8.9640 respectively.
485.621 539.627 15.5774 8.9640 The
505.282 539.627 44.5112 8.9640 individuals

306.650 550.577 18.7049 8.9640 have
331.719 550.577 18.8842 8.9640 been
356.898 550.577 43.2685 8.9640 partitioned
406.590 550.577 38.2962 8.9640 randomly
451.181 550.577 19.4818 8.9640 from
476.828 550.577 12.2110 8.9640 the
495.404 550.577 30.1987 8.9640 dataset.
531.977 550.577 17.7985 8.9640 This

306.650 561.497 43.1467 8.9640 experience
356.420 561.497 15.5077 8.9640 was
378.372 561.497 33.8640 8.9640 repeated
418.769 561.497 28.1868 8.9640 several
453.430 561.497 21.6032 8.9640 times
481.726 561.497 24.2924 8.9640 which
512.433 561.497 37.2106 8.9640 produced

306.650 572.317 22.1311 9.0536 many
331.350 572.317 33.2764 9.0536 decision
367.196 572.317 21.3144 9.0536 trees.
391.160 572.317 11.2150 9.0536 To
404.945 572.317 27.6888 9.0536 choose
435.283 572.317 13.2667 9.0536 our
451.209 572.317 33.2764 9.0536 decision
487.055 572.317 14.9500 9.0536 tree
504.555 572.317 4.4222 9.0536 a
511.626 572.317 38.1767 9.0536 “majority

306.650 583.337 21.5845 8.9640 vote”
330.774 583.237 37.2106 9.0536 produced
370.544 583.237 12.1014 9.0536 the
385.175 583.237 14.9500 9.0536 tree
402.665 583.237 7.7489 9.0536 in
412.854 583.237 13.5157 9.0536 fig.
429.019 583.237 7.5198 9.0536 2.

321.070 600.257 15.5774 8.9640 The
340.850 600.257 33.2066 8.9640 attribute
378.260 600.257 14.8703 8.9640 that
397.333 600.257 13.3464 8.9640 has
414.843 600.257 12.1014 8.9640 the
431.277 600.257 28.7944 8.9640 highest
464.255 600.257 21.5734 8.9640 value
490.031 600.257 8.3465 8.9640 of
502.491 600.257 47.2801 8.9640 information

306.650 611.177 17.0914 8.9640 gain
328.123 611.177 6.7429 8.9640 is
339.310 611.177 18.2766 8.9640 used
362.088 611.177 8.2967 8.9640 as
374.797 611.177 4.4222 8.9640 a
383.671 611.177 33.2764 8.9640 decision
421.320 611.177 35.8062 8.9640 attribute.
461.588 611.177 21.7825 8.9640 From
487.614 611.177 15.7966 8.9640 Fig.
507.863 611.177 7.5198 8.9640 2,
519.954 611.177 11.3843 8.9640 we
535.790 611.177 13.9739 8.9640 can

306.650 622.097 28.2665 8.9640 deduce
338.053 622.097 14.8703 8.9640 that
356.041 622.097 12.2110 8.9640 the
371.499 622.097 19.3224 8.9640 most
393.919 622.097 32.1509 8.9640 relevant
429.287 622.097 37.0811 8.9640 attributes
469.456 622.097 12.2110 8.9640 are
484.794 622.097 23.5753 8.9640 Time,
511.517 622.097 20.4877 8.9640 Type
535.132 622.097 14.4520 8.9640 and

306.650 633.017 19.0336 8.9640 Age.
330.394 633.017 23.8741 8.9640 These
358.940 633.017 19.8702 8.9640 three
383.511 633.017 37.0811 8.9640 attributes
425.233 633.017 15.4778 8.9640 will
445.372 633.017 9.4520 8.9640 be
459.516 633.017 18.1670 8.9640 used
482.424 633.017 7.7489 8.9640 in
494.774 633.017 12.1014 8.9640 the
511.567 633.017 38.1866 8.9640 similarity

306.650 643.937 32.6588 8.9640 calculus
344.069 643.937 33.3959 8.9640 between
382.196 643.937 4.4222 8.9640 a
391.429 643.937 16.6631 8.9640 new
412.773 643.937 17.3702 8.9640 case
434.954 643.937 14.3424 8.9640 and
454.257 643.937 44.6407 8.9640 memorized
503.768 643.937 23.6052 8.9640 cases.
532.184 643.937 6.1154 8.9640 It
543.080 643.937 6.7429 8.9640 is

306.650 654.857 19.3822 8.9640 clear
330.135 654.857 14.8703 8.9640 that
349.089 654.857 22.8283 8.9640 doing
376.051 654.857 8.8246 8.9640 so
389.118 654.857 15.3882 8.9640 will
408.670 654.857 50.0812 8.9640 significantly
462.765 654.857 33.1768 8.9640 improve
500.145 654.857 12.1014 8.9640 the
516.449 654.857 33.2066 8.9640 retrieval

306.650 665.777 18.5654 8.9640 step,
327.745 665.777 7.7489 8.9640 in
337.934 665.777 38.2066 8.9640 particular
378.810 665.777 21.5136 8.9640 when
402.793 665.777 12.2110 8.9640 the
417.534 665.777 17.2607 8.9640 case
437.325 665.777 17.7487 8.9640 base
457.583 665.777 34.9198 8.9640 becomes
494.983 665.777 17.8085 8.9640 very
515.242 665.777 22.3801 8.9640 large.

321.070 682.697 8.3266 8.9640 In
332.470 682.697 12.1014 8.9640 the
347.830 682.697 71.3136 8.9640 experimentations,
422.390 682.697 11.5038 8.9640 we
437.141 682.697 18.2766 8.9640 used
458.595 682.697 12.1014 8.9640 the
473.824 682.697 39.9994 8.9640 Euclidean
516.980 682.697 32.7086 8.9640 distance

306.650 693.617 8.2967 8.9640 as
322.237 693.617 4.4222 8.9640 a
333.990 693.617 19.4320 8.9640 local
360.722 693.617 38.4157 8.9640 similarity
406.509 693.617 33.1967 8.9640 measure
447.036 693.617 33.2764 8.9640 between
487.673 693.617 14.9300 8.9640 two
509.963 693.617 40.0665 8.9640 attributes,

306.650 704.557 31.5334 8.9640 because
343.591 704.557 11.5038 8.9640 we
360.503 704.557 18.7049 8.9640 have
384.497 704.557 17.9180 8.9640 only
407.624 704.557 32.8282 8.9640 numeric
445.731 704.557 39.7386 8.9640 attributes.
490.758 704.557 15.5774 8.9640 The
511.625 704.557 38.3062 8.9640 similarity

306.650 715.477 33.3096 8.9640 function
346.373 715.477 33.3959 8.9640 between
386.183 715.477 14.9300 8.9640 two
407.637 715.477 37.1807 8.9640 problems
451.372 715.477 6.6433 8.9640 is
464.449 715.477 40.4774 8.9640 calculated
511.590 715.477 19.4818 8.9640 from
537.476 715.477 12.2110 8.9640 the

306.650 726.397 26.0454 8.9640 results
336.370 726.397 8.3465 8.9640 of
348.452 726.397 19.4320 8.9640 local
371.589 726.397 44.4116 8.9640 similarities
419.666 726.397 29.9597 8.9640 relative
453.470 726.397 7.7489 8.9640 to
464.964 726.397 12.1014 8.9640 the
480.900 726.397 27.7685 8.9640 chosen
512.314 726.397 37.1906 8.9640 attributes

306.650 737.317 26.8123 8.9640 (Time,
337.336 737.317 19.0336 8.9640 Age,
360.244 737.317 26.3442 8.9640 Type).
390.443 737.317 8.3266 8.9640 In
402.544 737.317 21.1451 8.9640 order
427.444 737.317 7.7489 8.9640 to
439.068 737.317 30.5374 8.9640 provide
473.450 737.317 4.4222 8.9640 a
481.597 737.317 22.0813 8.9640 result
507.493 737.317 33.2764 8.9640 between
544.544 737.317 4.9800 8.9640 0

306.650 748.237 14.3424 8.9640 and
324.627 748.237 7.5198 8.9640 1,
335.872 748.237 11.3843 8.9640 we
350.862 748.237 41.1547 8.9640 proceeded
395.672 748.237 7.7489 8.9640 to
407.046 748.237 12.1014 8.9640 the
422.873 748.237 55.4473 8.9640 normalization
481.846 748.237 8.4660 8.9640 of
493.818 748.237 12.2110 8.9640 the
509.634 748.237 39.9794 8.9640 Euclidean

67.0600 828.154 33.4600 6.4750 Authorized
102.466 828.154 25.6760 6.4750 licensed
130.088 828.154 11.2840 6.4750 use
143.318 828.154 20.2230 6.4750 limited
165.487 828.154 7.7840 6.4750 to:
175.217 828.154 50.1830 6.4750 Fernuniversitaet
227.346 828.154 22.5680 6.4750 Hagen.
251.860 828.154 38.9060 6.4750 Downloaded
292.712 828.154 7.7840 6.4750 on
302.442 828.154 24.8990 6.4750 October
329.287 828.154 25.2980 6.4750 11,2022
356.531 828.154 5.8380 6.4750 at
364.315 828.154 27.2440 6.4750 16:15:51
393.505 828.154 14.3850 6.4750 UTC
409.836 828.154 14.0000 6.4750 from
425.782 828.154 15.9530 6.4750 IEEE
443.681 828.154 22.1760 6.4750 Xplore.
469.749 828.154 36.5610 6.4750 Restrictions
508.256 828.154 18.6760 6.4750 apply.

45.3600 55.8373 32.5991 8.9640 distance
85.2996 55.8373 39.4914 8.9640 according
132.041 55.8373 7.7489 8.9640 to
147.141 55.8373 12.2110 8.9640 the
166.940 55.8373 31.5234 8.9640 formula
205.850 55.8373 4.9800 8.9640 1
218.210 55.8373 26.8322 8.9640 below,
252.410 55.8373 17.3204 8.9640 then
277.100 55.8373 11.5038 8.9640 we

45.3600 66.7573 51.9812 8.9640 implemented
99.9109 66.7573 14.4320 8.9640 this
116.932 66.7573 33.2664 8.9640 function
152.649 66.7573 7.8485 8.9640 in
162.947 66.7573 12.2110 8.9640 the
177.688 66.7573 42.6487 8.9640 jCOLIBRI
222.996 66.7573 46.1148 8.9640 framework.

45.3600 206.448 12.5665 7.2360 Fig.
59.9848 206.448 6.0782 7.2360 2.
72.0240 206.448 28.4857 7.2360 Decision
102.479 206.448 11.9635 7.2360 tree
116.388 206.448 31.0022 7.2360 generated
149.473 206.448 14.2067 7.2360 with
165.762 206.448 23.9190 7.2360 WEKA

59.7840 257.847 20.9658 8.9640 Once
84.3653 257.847 12.1014 8.9640 the
100.191 257.847 38.3062 8.9640 similarity
142.143 257.847 37.0910 8.9640 measures
182.899 257.847 33.1568 8.9640 between
219.582 257.847 12.2110 8.9640 the
235.398 257.847 37.1906 8.9640 attributes
276.155 257.847 12.2110 8.9640 are

45.3600 268.767 41.8220 8.9640 computed,
93.6760 268.767 12.1014 8.9640 the
112.261 268.767 27.6988 8.9640 overall
146.434 268.767 38.4157 8.9640 similarity
191.144 268.767 39.3719 8.9640 calculates
236.960 268.767 12.1014 8.9640 the
255.545 268.767 32.7086 8.9640 distance

45.3600 279.687 33.2764 8.9640 between
81.3256 279.687 14.8105 8.9640 two
98.9348 279.687 23.5056 8.9640 cases.
125.199 279.687 6.1154 8.9640 It
134.053 279.687 17.0615 8.9640 uses
153.980 279.687 4.4222 8.9640 a
161.171 279.687 25.0394 8.9640 global
188.969 279.687 38.1966 8.9640 similarity
229.855 279.687 33.2764 8.9640 function
265.820 279.687 22.7287 8.9640 based

45.3600 290.607 10.0098 8.9640 on
57.9395 290.607 12.1014 8.9640 the
72.6902 290.607 67.1774 8.9640 nearest-neighbor
142.527 290.607 38.8340 8.9640 technique
184.010 290.607 20.3682 8.9640 since
207.037 290.607 5.5378 8.9640 it
215.185 290.607 6.6433 8.9640 is
224.418 290.607 12.2110 8.9640 the
239.397 290.607 19.3124 8.9640 most
261.449 290.607 27.1609 8.9640 widely

45.3600 301.527 18.1670 8.9640 used
69.7022 301.527 7.8485 8.9640 in
83.5964 301.527 46.0723 8.9640 CBR-based
135.824 301.527 31.5832 8.9640 systems
173.711 301.527 14.2129 8.9640 [3].
194.050 301.527 8.3266 8.9640 In
208.422 301.527 14.3225 8.9640 this
228.810 301.527 41.2045 8.9640 algorithm,
276.140 301.527 12.2110 8.9640 the

45.3600 312.447 38.3062 8.9640 similarity
88.6362 312.447 33.2764 8.9640 between
126.992 312.447 4.4222 8.9640 a
136.464 312.447 16.7826 8.9640 new
158.167 312.447 17.2607 8.9640 case
180.477 312.447 14.3424 8.9640 and
199.899 312.447 4.4222 8.9640 a
209.490 312.447 44.8798 8.9640 memorized
259.480 312.447 17.1412 8.9640 case
281.671 312.447 6.7429 8.9640 is

45.3600 323.367 40.3579 8.9640 calculated
91.4150 323.367 30.9856 8.9640 through
127.968 323.367 4.4222 8.9640 a
138.157 323.367 36.4934 8.9640 weighted
180.347 323.367 44.2025 8.9640 summation
230.118 323.367 8.3465 8.9640 of
244.012 323.367 44.6618 8.9640 similarities

45.3600 334.287 33.2764 8.9640 between
85.7677 334.287 12.1014 8.9640 the
105.080 334.287 37.1906 8.9640 attributes
149.432 334.287 18.2766 8.9640 (two
175.069 334.287 10.0098 8.9640 by
192.090 334.287 20.8164 8.9640 two).
220.118 334.287 22.1510 8.9640 Since
249.490 334.287 12.2110 8.9640 the
268.912 334.287 19.4320 8.9640 local

45.3600 345.207 38.3062 8.9640 similarity
91.1561 345.207 37.1906 8.9640 functions
135.866 345.207 18.8144 8.9640 have
162.250 345.207 18.8842 8.9640 been
188.624 345.207 47.4494 8.9640 normalized,
243.643 345.207 12.1014 8.9640 the
263.434 345.207 24.9299 8.9640 global

45.3600 356.127 38.3062 8.9640 similarity
91.2756 356.127 21.5734 8.9640 value
120.538 356.127 31.6828 8.9640 remains
159.969 356.127 33.2764 8.9640 between
200.855 356.127 4.9800 8.9640 0
213.554 356.127 14.4520 8.9640 and
235.725 356.127 7.7987 8.9640 1;
251.302 356.127 24.3223 8.9640 where
283.433 356.127 4.9800 8.9640 0

45.3600 367.047 40.4476 8.9640 represents
88.6362 367.047 12.2110 8.9640 the
103.735 367.047 17.7487 8.9640 total
124.462 367.047 40.7264 8.9640 similarity.
168.196 367.047 13.8643 8.9640 For
184.959 367.047 13.2667 8.9640 our
201.124 367.047 30.1888 8.9640 system,
234.321 367.047 12.1014 8.9640 the
249.420 367.047 38.9038 8.9640 algorithm

45.3600 377.967 6.6433 8.9640 is
54.4734 377.967 29.8999 8.9640 defined
86.9530 377.967 39.3818 8.9640 according
128.785 377.967 7.7489 8.9640 to
139.083 377.967 12.1014 8.9640 the
153.834 377.967 38.9342 8.9640 following
195.218 377.967 37.1906 8.9640 equation:

273.290 397.427 11.6930 8.9640 (2)

45.3600 410.647 15.4657 9.0536 “C”
63.9532 410.647 6.6433 9.0536 is
73.6642 410.647 12.2110 9.0536 the
89.1221 410.647 16.6631 9.0536 new
108.783 410.647 19.6312 9.0536 case,
131.681 410.647 14.3822 9.0536 “S”
149.190 410.647 6.6433 9.0536 is
159.020 410.747 4.4222 8.9640 a
166.700 410.647 24.3821 9.0536 stored
194.259 410.647 19.6312 9.0536 case,
217.037 410.647 15.9460 9.0536 “w”
236.111 410.647 6.7429 9.0536 is
245.931 410.647 12.2110 9.0536 the
261.389 410.647 27.0016 9.0536 weight

45.3600 421.567 29.7904 9.0536 defined
77.7300 421.567 10.1293 9.0536 by
90.1900 421.567 9.5317 9.0536 an
102.171 421.567 27.4398 9.0536 expert,
132.141 421.567 13.7846 9.0536 “n”
148.456 421.567 6.7429 9.0536 is
157.678 421.567 12.2110 9.0536 the
172.419 421.567 30.3979 9.0536 number
205.377 421.567 8.3465 9.0536 of
216.154 421.567 37.2006 9.0536 attributes
255.834 421.567 11.5835 9.0536 for
269.958 421.567 18.4061 9.0536 each

45.3600 432.487 19.6312 9.0536 case,
68.1385 432.487 12.1014 9.0536 “f”
83.3674 432.487 6.6433 9.0536 is
93.0784 432.487 12.2110 9.0536 the
108.500 432.487 22.2407 9.0536 index
133.788 432.487 8.3465 9.0536 of
145.162 432.487 12.2110 9.0536 the
160.501 432.487 33.2066 9.0536 attribute
196.825 432.487 14.3424 9.0536 and
214.325 432.487 49.0938 9.0536 “sim(Cf,Sf)”
266.546 432.487 6.7429 9.0536 is
276.366 432.487 12.1014 9.0536 the

45.3600 443.507 19.4320 8.9640 local
67.2820 443.507 38.3161 8.9640 similarity
108.048 443.507 11.5835 8.9640 for
122.171 443.507 33.2066 8.9640 attribute
157.898 443.507 14.1133 8.9640 "f".

55.2000 462.827 13.0277 8.9640 IV.
72.5040 462.827 76.6951 8.9640 EXPERIMENTATION
151.340 462.827 18.6449 8.9640 AND
171.980 462.827 48.6134 8.9640 DISCUSSION
222.650 462.827 11.7902 8.9640 OF
236.330 462.827 35.9058 8.9640 RESULTS

59.7840 477.947 11.2150 8.9640 To
73.9172 477.947 21.5335 8.9640 study
98.1400 477.947 12.2110 8.9640 the
113.239 477.947 40.0748 8.9640 efficiency
156.122 477.947 8.3465 8.9640 of
167.258 477.947 13.3862 8.9640 our
183.542 477.947 39.1627 8.9640 approach,
225.593 477.947 11.3843 8.9640 we
239.866 477.947 41.1647 8.9640 developed
283.969 477.947 4.4222 8.9640 a

45.3600 488.867 31.5334 8.9640 medical
85.0606 488.867 33.2764 8.9640 decision
126.544 488.867 29.9696 8.9640 support
164.650 488.867 27.7784 8.9640 system
200.387 488.867 22.7287 8.9640 based
231.313 488.867 10.0098 8.9640 on
249.530 488.867 22.4100 8.9640 CBR,
280.107 488.867 8.2967 8.9640 as

45.3600 499.787 42.0212 8.9640 mentioned
90.5585 499.787 26.3342 8.9640 above.
120.040 499.787 8.3266 8.9640 In
131.414 499.787 14.4221 8.9640 this
148.914 499.787 21.6431 8.9640 study
173.724 499.787 11.5038 8.9640 we
188.355 499.787 18.1670 8.9640 used
209.700 499.787 12.2110 8.9640 the
225.038 499.787 63.3556 8.9640 immunotherapy

45.3600 510.707 30.2297 8.9640 dataset.

59.7840 527.627 9.8504 8.9640 At
72.8515 527.627 12.2110 8.9640 the
88.3094 527.627 42.4097 8.9640 beginning,
133.966 527.627 12.2110 8.9640 the
149.424 527.627 27.8880 8.9640 system
180.469 527.627 37.6986 8.9640 generates
221.365 527.627 12.1014 8.9640 the
236.713 527.627 33.3859 8.9640 decision
273.266 527.627 15.0794 8.9640 tree

45.3600 538.547 7.7489 8.9640 in
59.5132 538.547 21.1451 8.9640 order
87.1820 538.547 7.7489 8.9640 to
101.444 538.547 28.2665 8.9640 deduce
136.215 538.547 12.2110 8.9640 the
154.910 538.547 32.1509 8.9640 relevant
193.850 538.547 39.6900 8.9640 attributes.
240.033 538.547 6.1450 8.9640 It
252.762 538.547 17.1910 8.9640 uses
276.397 538.547 12.3205 8.9640 the

45.3600 549.497 71.3236 8.9640 "immunotherapy"
119.420 549.497 27.7087 8.9640 dataset
149.660 549.497 8.2967 8.9640 as
160.446 549.497 31.0154 8.9640 training
194.031 549.497 13.5257 8.9640 set.

59.7840 566.417 15.5774 8.9640 The
80.6502 566.417 20.5774 8.9640 entry
106.317 566.417 7.8485 8.9640 in
119.374 566.417 13.3862 8.9640 our
138.059 566.417 27.7784 8.9640 system
171.140 566.417 6.7429 8.9640 is
183.260 566.417 7.7489 8.9640 in
196.208 566.417 12.2110 8.9640 the
213.827 566.417 19.4818 8.9640 form
238.388 566.417 8.4660 8.9640 of
252.043 566.417 4.4222 8.9640 a
261.874 566.417 26.5932 8.9640 simple

45.3600 577.337 34.7604 8.9640 interface
83.4769 577.337 14.9798 8.9640 that
101.693 577.337 26.0653 8.9640 allows
131.065 577.337 7.7489 8.9640 to
142.081 577.337 26.7924 8.9640 launch
172.041 577.337 4.4222 8.9640 a
179.710 577.337 25.2685 8.9640 query.
208.345 577.337 21.7825 8.9640 From
233.450 577.337 14.5316 8.9640 this
251.178 577.337 37.4894 8.9640 interface,

45.3600 588.257 12.1014 8.9640 the
61.1864 588.257 25.6072 8.9640 doctor
90.5286 588.257 23.7845 8.9640 enters
117.988 588.257 12.1014 8.9640 the
133.814 588.257 47.1606 8.9640 information
184.620 588.257 44.4116 8.9640 concerning
232.677 588.257 4.4222 8.9640 a
240.825 588.257 16.6631 8.9640 new
261.083 588.257 27.2306 8.9640 patient

45.3600 599.177 17.6890 8.9640 with
65.4991 599.177 12.2110 8.9640 the
80.3594 599.177 21.5136 8.9640 warts
104.343 599.177 31.3840 8.9640 disease.

59.7840 616.097 8.3266 8.9640 In
71.3974 616.097 35.2186 8.9640 addition,
109.982 616.097 13.2667 8.9640 our
126.625 616.097 27.7784 8.9640 system
157.680 616.097 34.5214 8.9640 provides
195.538 616.097 12.1014 8.9640 the
211.006 616.097 46.6726 8.9640 opportunity
261.085 616.097 11.5835 8.9640 for
276.045 616.097 12.2110 8.9640 the

45.3600 627.017 38.1767 8.9640 physician
87.0725 627.017 7.7489 8.9640 to
98.3273 627.017 24.9199 8.9640 define
126.733 627.017 12.2110 8.9640 the
142.549 627.017 30.5174 8.9640 number
176.583 627.017 8.3465 8.9640 of
188.315 627.017 21.0156 8.9640 cases
212.887 627.017 7.7489 8.9640 to
224.142 627.017 30.4378 8.9640 retrieve
258.065 627.017 14.4520 8.9640 and
276.033 627.017 12.3205 8.9640 the

45.3600 637.937 41.6627 8.9640 possibility
89.9509 637.937 7.7489 8.9640 to
100.847 637.937 27.6888 8.9640 choose
131.663 637.937 14.3723 8.9640 one
149.163 637.937 17.1412 8.9640 case
169.431 637.937 19.3622 8.9640 from
191.712 637.937 21.3200 8.9640 those
216.159 637.937 34.6309 8.9640 selected.
253.918 637.937 17.7985 8.9640 This
274.784 637.937 13.8344 8.9640 last

45.3600 648.857 41.6627 8.9640 possibility
90.6780 648.857 25.4677 8.9640 forced
119.900 648.857 8.7947 8.9640 us
132.370 648.857 7.7489 8.9640 to
143.864 648.857 28.7047 8.9640 modify
176.095 648.857 12.2110 8.9640 the
192.031 648.857 31.3840 8.9640 "Cycle"
227.269 648.857 33.1568 8.9640 function
264.071 648.857 8.3465 8.9640 of
276.043 648.857 12.1014 8.9640 the

45.3600 659.777 42.6487 8.9640 jCOLIBRI
94.2736 659.777 19.8503 8.9640 main
120.289 659.777 34.8700 8.9640 interface
161.394 659.777 110.785 8.9640 "StandardCBRApplication"
278.414 659.777 10.0098 8.9640 by

45.3600 670.697 27.1609 8.9640 adding
75.0906 670.697 4.4222 8.9640 a
82.1622 670.697 39.8599 8.9640 parameter
124.711 670.697 7.7489 8.9640 to
135.129 670.697 22.3004 8.9640 allow
159.830 670.697 12.3205 8.9640 the
174.800 670.697 24.9498 8.9640 expert
202.369 670.697 7.7489 8.9640 to
212.787 670.697 27.6888 8.9640 choose
243.125 670.697 12.1014 8.9640 the
257.876 670.697 30.3880 8.9640 number

45.3600 681.617 8.3465 8.9640 of
56.1367 681.617 21.0156 8.9640 cases
79.6423 681.617 7.7489 8.9640 to
89.9509 681.617 32.9278 8.9640 retrieve.

59.7840 698.537 15.5774 8.9640 The
79.8136 698.537 27.6689 8.9640 system
111.725 698.537 39.3619 8.9640 calculates
155.499 698.537 12.2110 8.9640 the
172.162 698.537 19.4320 8.9640 local
196.016 698.537 38.3205 8.9640 similarity
238.590 698.537 33.3959 8.9640 between
276.358 698.537 12.2110 8.9640 the

45.3600 709.477 33.2764 8.9640 deduced
86.7139 709.477 32.0413 8.9640 relevant
126.773 709.477 37.0811 8.9640 attributes
171.961 709.477 14.3424 8.9640 and
194.381 709.477 12.1014 8.9640 the
214.530 709.477 27.6988 8.9640 overall
250.257 709.477 38.1866 8.9640 similarity

45.3600 720.397 33.2764 8.9640 between
81.9232 720.397 12.1014 8.9640 the
97.3910 720.397 21.1351 8.9640 cases
121.862 720.397 7.8485 8.9640 in
132.998 720.397 12.1014 8.9640 the
148.465 720.397 34.5313 8.9640 database
186.530 720.397 14.3424 8.9640 and
204.268 720.397 24.8701 8.9640 shows
232.455 720.397 12.2110 8.9640 the
248.033 720.397 16.0954 8.9640 best
267.455 720.397 21.1451 8.9640 cases

45.3600 731.317 34.9397 8.9640 resulting
83.9450 731.317 19.4818 8.9640 from
106.942 731.317 12.1014 8.9640 the
122.769 731.317 33.2066 8.9640 retrieval
159.690 731.317 18.6750 8.9640 step.
181.971 731.317 23.8741 8.9640 These
209.560 731.317 21.0156 8.9640 cases
234.271 731.317 12.2110 8.9640 are
250.087 731.317 38.1767 8.9640 displayed

45.3600 742.237 7.7489 8.9640 in
55.7881 742.237 44.9096 8.9640 descending
103.387 742.237 21.1451 8.9640 order
127.211 742.237 8.3465 8.9640 of
138.227 742.237 40.6169 8.9640 similarity.
181.612 742.237 15.5774 8.9640 The
199.959 742.237 25.4876 8.9640 doctor
228.225 742.237 13.8544 8.9640 can
244.769 742.237 28.5752 8.9640 consult
276.073 742.237 12.2110 8.9640 the

45.3600 753.157 21.0167 8.9640 cases
71.7451 753.157 14.3723 8.9640 one
91.5257 753.157 10.1293 8.9640 by
106.864 753.157 14.4918 8.9640 one
126.764 753.157 14.3424 8.9640 and
146.544 753.157 17.1910 8.9640 then
169.193 753.157 27.6888 8.9640 choose
202.290 753.157 12.1014 8.9640 the
219.800 753.157 17.1412 8.9640 case
242.469 753.157 14.8703 8.9640 that
262.857 753.157 25.5275 8.9640 he/she

306.650 55.8373 37.6886 8.9640 considers
348.741 55.8373 19.2029 8.9640 most
372.246 55.8373 45.6367 8.9640 appropriate
422.215 55.8373 18.9240 8.9640 (Fig.
445.472 55.8373 10.8664 8.9640 3).
460.671 55.8373 20.9359 8.9640 After
485.959 55.8373 14.3225 8.9640 this
504.555 55.8373 28.6051 8.9640 choice,
537.522 55.8373 12.2110 8.9640 the

306.650 66.7573 25.6072 8.9640 doctor
337.804 66.7573 13.8544 8.9640 can
357.226 66.7573 21.4538 8.9640 make
384.328 66.7573 32.0513 8.9640 changes
421.996 66.7573 54.3916 8.9640 (adjustments)
482.045 66.7573 7.7489 8.9640 to
495.461 66.7573 12.1014 8.9640 the
513.210 66.7573 36.5034 8.9640 proposed

306.650 77.6973 34.6309 8.9640 solution.
344.527 77.6973 17.7985 8.9640 This
365.513 77.6973 32.0812 8.9640 solution
400.881 77.6973 17.6890 8.9640 with
421.737 77.6973 12.1014 8.9640 the
437.086 77.6973 22.8383 8.9640 query
462.972 77.6973 40.4476 8.9640 represents
506.607 77.6973 4.4222 8.9640 a
514.276 77.6973 17.1412 8.9640 case
534.664 77.6973 14.9998 8.9640 that

306.650 88.6173 12.1014 8.9640 the
321.281 88.6173 27.7784 8.9640 system
351.619 88.6173 13.2169 8.9640 has
367.326 88.6173 14.4121 8.9640 just
384.357 88.6173 28.5155 8.9640 solved.

323.590 105.537 13.8643 8.9640 For
340.472 105.537 36.1847 8.9640 example,
379.674 105.537 33.8839 8.9640 consider
416.596 105.537 8.2967 8.9640 as
427.970 105.537 4.4222 8.9640 a
435.401 105.537 16.7726 8.9640 new
454.932 105.537 17.2607 8.9640 case
475.201 105.537 4.4222 8.9640 a
482.870 105.537 29.3222 8.9640 woman
515.120 105.537 18.8742 8.9640 aged
537.052 105.537 12.5496 8.9640 48,

306.650 116.457 17.6093 8.9640 time
330.265 116.457 30.0294 8.9640 elapsed
366.350 116.457 25.5076 8.9640 before
397.863 116.457 37.7683 8.9640 treatment
441.618 116.457 15.8663 8.9640 (8,5
463.639 116.457 35.0990 8.9640 months),
504.744 116.457 30.5075 8.9640 number
541.287 116.457 8.3465 8.9640 of

306.650 127.377 35.7962 8.9640 warts(2),
345.693 127.377 17.1212 8.9640 type
366.061 127.377 8.3465 8.9640 of
377.794 127.377 21.5136 8.9640 warts
402.495 127.377 37.1010 8.9640 (plantar),
442.843 127.377 28.6450 8.9640 surface
474.844 127.377 8.3465 8.9640 of
486.338 127.377 12.2110 8.9640 the
501.915 127.377 26.6231 8.9640 largest
531.875 127.377 17.7587 8.9640 wart

306.650 138.297 13.3564 8.9640 (13
322.566 138.297 24.2028 8.9640 mm²),
349.298 138.297 41.0651 8.9640 induration
392.814 138.297 34.8301 8.9640 diameter
430.333 138.297 8.3465 8.9640 of
441.110 138.297 12.1014 8.9640 the
455.741 138.297 23.2865 8.9640 initial
481.517 138.297 13.9340 8.9640 test
497.941 138.297 8.3465 8.9640 (8
508.967 138.297 21.0754 8.9640 mm).

306.650 155.577 15.5774 8.9640 The
325.115 155.577 25.9558 8.9640 results
353.890 155.577 8.3465 8.9640 of
365.025 155.577 12.2110 8.9640 the
380.124 155.577 43.9544 8.9640 calculation
426.888 155.577 8.3465 8.9640 of
438.023 155.577 19.4320 8.9640 local
460.313 155.577 14.3424 8.9640 and
477.574 155.577 24.9299 8.9640 global
505.382 155.577 44.5823 8.9640 similarities

306.650 167.097 33.2764 8.9640 between
343.213 167.097 12.1014 8.9640 the
358.800 167.097 16.6631 8.9640 new
378.700 167.097 17.1412 8.9640 case
399.208 167.097 14.4520 8.9640 and
417.056 167.097 12.1014 8.9640 the
432.790 167.097 16.0954 8.9640 best
452.212 167.097 21.0156 8.9640 cases
476.564 167.097 34.9397 8.9640 resulting
514.910 167.097 19.4818 8.9640 from
537.549 167.097 12.2110 8.9640 the

306.650 178.617 33.2066 8.9640 retrieval
342.376 178.617 16.0157 8.9640 step
360.961 178.617 12.2110 8.9640 are
375.790 178.617 39.8500 8.9640 illustrated
418.229 178.617 7.7489 8.9640 in
428.538 178.617 22.8980 8.9640 Table
453.846 178.617 5.8366 8.9640 I.

308.690 191.688 25.6637 7.2360 TABLE
336.516 191.688 4.4140 7.2360 I.

362.710 191.688 29.1557 7.2360 RESULTS
393.430 191.688 9.3629 7.2360 OF
404.470 191.688 13.4393 7.2360 THE
419.590 191.688 47.1475 7.2360 CALCULATION
468.460 191.688 9.3629 7.2360 OF
479.620 191.688 22.5586 7.2360 LOCAL
503.860 191.688 14.9986 7.2360 AND
520.660 191.688 27.3514 7.2360 GLOBAL

409.150 200.808 38.2656 7.2360 SIMILARITY

369.070 216.648 13.4098 7.2360 Age

424.150 216.648 17.7253 7.2360 Time

476.980 216.648 17.3555 7.2360 Type

524.980 212.328 23.2034 7.2360 Global

510.580 220.968 32.8997 7.2360 similarity

304.970 237.318 15.6860 7.2360 Case
322.593 237.318 16.9644 7.2360 N°53

369.070 237.318 8.1000 7.2360 49

424.150 237.318 4.0200 7.2360 9

476.980 237.318 4.0200 7.2360 2

524.980 250.878 22.0055 7.2360 0,1146

304.970 252.558 18.1865 7.2360 Local

304.970 261.198 30.7610 7.2360 similarity

369.070 260.716 26.4757 8.0400 0,1015

424.150 260.716 26.4757 8.0400 0,1690

476.980 260.716 13.3020 8.0400 0,0

304.970 277.638 15.6860 7.2360 Case
322.593 277.638 16.9644 7.2360 N°76

369.070 277.638 8.1000 7.2360 47

424.150 277.638 14.0780 7.2360 9,25

476.980 277.638 4.0200 7.2360 2

524.980 291.198 22.0055 7.2360 0,1239

304.970 292.878 18.1865 7.2360 Local

304.970 301.638 30.7610 7.2360 similarity

369.070 301.036 26.4757 8.0400 0,1025

424.150 301.036 26.4757 8.0400 0,2055

476.980 301.036 13.3020 8.0400 0,0

304.970 317.958 15.6860 7.2360 Case
322.593 317.958 16.9644 7.2360 N°48

369.070 317.958 8.1000 7.2360 51

424.150 317.958 14.0780 7.2360 8,75

476.980 317.958 4.0200 7.2360 2

524.980 331.518 22.0055 7.2360 0,1285

304.970 333.198 18.1865 7.2360 Local

304.970 341.958 30.7610 7.2360 similarity

369.070 341.356 26.4757 8.0400 0,2581

424.150 341.356 26.4757 8.0400 0,1203

476.980 341.356 13.3020 8.0400 0,0

306.650 374.607 20.6869 8.9640 Fig.3
329.950 374.607 24.9797 8.9640 shows
357.430 374.607 12.2110 8.9640 the
372.170 374.607 16.0954 8.9640 best
390.756 374.607 21.0156 8.9640 cases
414.261 374.607 34.9596 8.9640 resulting
451.791 374.607 19.4818 8.9640 from
473.593 374.607 12.2110 8.9640 the
488.334 374.607 33.2066 8.9640 retrieval
524.180 374.607 18.5654 8.9640 step.

306.650 669.368 12.5665 7.2360 Fig.
321.274 669.368 6.0782 7.2360 3.
333.310 669.368 20.4698 7.2360 Result
355.854 669.368 27.9149 7.2360 interface

321.070 684.617 20.9658 8.9640 Once
345.070 684.617 12.2110 8.9640 the
360.288 684.617 32.1907 8.9640 solution
395.407 684.617 6.7429 8.9640 is
405.108 684.617 33.2764 8.9640 adjusted
441.433 684.617 11.6930 8.9640 (or
456.143 684.617 34.3720 8.9640 adapted)
493.533 684.617 10.0098 8.9640 by
506.352 684.617 12.1014 8.9640 the
521.461 684.617 28.1270 8.9640 doctor,

306.650 695.537 12.1014 8.9640 the
321.400 695.537 35.5472 8.9640 retention
359.517 695.537 34.9895 8.9640 interface
397.276 695.537 21.0256 8.9640 gives
420.901 695.537 12.3205 8.9640 the
435.871 695.537 41.6627 8.9640 possibility
480.103 695.537 7.7489 8.9640 to
490.521 695.537 22.7088 8.9640 retain
515.939 695.537 14.4221 8.9640 this
533.080 695.537 16.6631 8.9640 new

306.650 706.477 17.1412 8.9640 case
326.679 706.477 8.3465 8.9640 or
337.924 706.477 7.7489 8.9640 to
348.472 706.477 20.9857 8.9640 leave
372.346 706.477 5.5378 8.9640 it
380.732 706.477 7.7489 8.9640 in
391.280 706.477 4.4222 8.9640 a
398.590 706.477 40.9356 8.9640 temporary
442.215 706.477 17.1412 8.9640 case
462.245 706.477 17.7487 8.9640 base
482.862 706.477 14.9998 8.9640 that
500.840 706.477 11.3843 8.9640 we
515.112 706.477 23.9040 8.9640 added
541.955 706.477 7.7489 8.9640 in

306.650 717.397 13.2667 8.9640 our
322.934 717.397 46.8618 8.9640 application.
372.804 717.397 6.6632 8.9640 If
382.485 717.397 12.1014 8.9640 the
397.704 717.397 17.1412 8.9640 case
417.972 717.397 6.6433 8.9640 is
427.683 717.397 34.6309 8.9640 retained,
465.322 717.397 5.5378 8.9640 it
473.828 717.397 6.7429 8.9640 is
483.529 717.397 39.9595 8.9640 integrated
526.556 717.397 7.7489 8.9640 in
537.333 717.397 12.1014 8.9640 the

306.650 728.317 17.1412 8.9640 case
326.679 728.317 17.7487 8.9640 base
347.350 728.317 41.6926 8.9640 (learning).
391.931 728.317 15.5774 8.9640 The
410.396 728.317 25.4876 8.9640 doctor
438.782 728.317 17.0914 8.9640 may
458.563 728.317 26.1151 8.9640 decide
487.566 728.317 7.7489 8.9640 to
498.224 728.317 16.5436 8.9640 take
517.656 728.317 9.4022 8.9640 an
529.886 728.317 19.8901 8.9640 extra

306.650 739.237 17.6093 8.9640 time
328.342 739.237 25.5076 8.9640 before
357.934 739.237 34.3520 8.9640 deciding
396.300 739.237 10.0098 8.9640 on
410.323 739.237 12.2110 8.9640 the
426.618 739.237 35.4377 8.9640 retention
466.069 739.237 8.3465 8.9640 of
478.410 739.237 14.4320 8.9640 this
496.995 739.237 16.6631 8.9640 new
517.503 739.237 19.7507 8.9640 case.
541.367 739.237 8.3266 8.9640 In

306.650 750.157 35.2186 8.9640 addition,
346.798 750.157 12.1014 8.9640 the
363.830 750.157 25.6072 8.9640 doctor
394.377 750.157 19.5216 8.9640 may,
418.829 750.157 19.4818 8.9640 from
443.151 750.157 17.7288 8.9640 time
465.810 750.157 7.7489 8.9640 to
478.509 750.157 20.0993 8.9640 time,
503.559 750.157 28.9139 8.9640 consult
537.363 750.157 12.3205 8.9640 the

67.0600 828.154 33.4600 6.4750 Authorized
102.466 828.154 25.6760 6.4750 licensed
130.088 828.154 11.2840 6.4750 use
143.318 828.154 20.2230 6.4750 limited
165.487 828.154 7.7840 6.4750 to:
175.217 828.154 50.1830 6.4750 Fernuniversitaet
227.346 828.154 22.5680 6.4750 Hagen.
251.860 828.154 38.9060 6.4750 Downloaded
292.712 828.154 7.7840 6.4750 on
302.442 828.154 24.8990 6.4750 October
329.287 828.154 25.2980 6.4750 11,2022
356.531 828.154 5.8380 6.4750 at
364.315 828.154 27.2440 6.4750 16:15:51
393.505 828.154 14.3850 6.4750 UTC
409.836 828.154 14.0000 6.4750 from
425.782 828.154 15.9530 6.4750 IEEE
443.681 828.154 22.1760 6.4750 Xplore.
469.749 828.154 36.5610 6.4750 Restrictions
508.256 828.154 18.6760 6.4750 apply.

45.3600 55.8373 41.0452 8.9640 temporary
91.6142 55.8373 17.1412 8.9640 case
114.044 55.8373 17.7487 8.9640 base
137.061 55.8373 7.7489 8.9640 to
150.119 55.8373 36.6827 8.9640 complete
192.090 55.8373 21.0156 8.9640 cases
218.355 55.8373 25.6072 8.9640 and/or
249.261 55.8373 26.1151 8.9640 decide
280.665 55.8373 7.7489 8.9640 to

45.3600 66.7573 22.6789 8.9640 select
70.5289 66.7573 4.4222 8.9640 a
77.4910 66.7573 14.9798 8.9640 few
94.8712 66.7573 21.1351 8.9640 cases
118.615 66.7573 11.5835 8.9640 for
132.739 66.7573 37.8679 8.9640 retention.

59.7840 84.0573 11.2150 8.9640 To
78.5984 84.0573 23.7944 8.9640 verify
109.763 84.0573 13.2667 8.9640 our
130.700 84.0573 39.1627 8.9640 approach,
177.620 84.0573 11.5038 8.9640 we
196.693 84.0573 41.6328 8.9640 performed
245.945 84.0573 14.9300 8.9640 two
268.594 84.0573 19.9698 8.9640 main

45.3600 95.5773 49.5112 8.9640 experiences.
100.040 95.5773 8.3266 8.9640 In
113.456 95.5773 12.1014 8.9640 the
130.727 95.5773 16.0854 8.9640 first
151.951 95.5773 45.7861 8.9640 experience,
202.907 95.5773 12.1014 8.9640 the
220.177 95.5773 24.9299 8.9640 global
250.267 95.5773 38.1866 8.9640 similarity

45.3600 107.097 18.1670 8.9640 used
66.4652 107.097 12.2110 8.9640 the
81.5646 107.097 21.7028 8.9640 KNN
106.265 107.097 17.6890 8.9640 with
126.763 107.097 10.0795 8.9640 all
139.701 107.097 12.2110 8.9640 the
154.800 107.097 37.1906 8.9640 attributes
194.839 107.097 8.3465 8.9640 of
206.084 107.097 12.2110 8.9640 the
221.183 107.097 17.1412 8.9640 case
241.213 107.097 33.3859 8.9640 (method
277.517 107.097 10.8664 8.9640 1).

45.3600 118.617 8.3266 8.9640 In
56.6148 118.617 12.1014 8.9640 the
71.8337 118.617 27.6490 8.9640 second
102.520 118.617 45.7762 8.9640 experience,
151.304 118.617 12.2110 8.9640 the
166.642 118.617 24.9299 8.9640 global
194.570 118.617 38.3062 8.9640 similarity
235.924 118.617 33.2664 8.9640 function
272.119 118.617 16.1352 8.9640 also

45.3600 130.017 18.1670 8.9640 used
66.8238 130.017 21.5734 8.9640 KNN
91.7736 130.017 17.6890 8.9640 with
112.629 130.017 17.7985 8.9640 only
133.595 130.017 12.2110 8.9640 the
149.053 130.017 37.3305 8.9640 attributes
189.591 130.017 33.7544 8.9640 revealed
226.632 130.017 10.1293 8.9640 by
239.809 130.017 12.2110 8.9640 the
255.267 130.017 33.2764 8.9640 decision

45.3600 141.537 14.9500 8.9640 tree
67.4114 141.537 33.1469 8.9640 (method
107.679 141.537 11.1452 8.9640 2);
125.886 141.537 14.8703 8.9640 that
147.838 141.537 6.6433 8.9640 is
161.513 141.537 26.9318 8.9640 (Time,
195.676 141.537 18.9140 8.9640 Age,
221.701 141.537 26.4637 8.9640 Type).
255.257 141.537 8.3266 8.9640 In
270.595 141.537 17.8085 8.9640 both

45.3600 153.057 49.5112 8.9640 experiences,
97.7596 153.057 21.1351 8.9640 cases
121.872 153.057 18.7049 8.9640 have
143.575 153.057 18.8842 8.9640 been
165.388 153.057 38.2962 8.9640 randomly
206.373 153.057 27.8780 8.9640 chosen
237.179 153.057 19.4818 8.9640 from
259.340 153.057 12.2110 8.9640 the
274.440 153.057 14.0336 8.9640 test

45.3600 164.577 11.0357 8.9640 set
61.0769 164.577 14.3424 8.9640 and
80.1403 164.577 42.6188 8.9640 introduced
127.480 164.577 8.2967 8.9640 as
140.428 164.577 16.6631 8.9640 new
161.533 164.577 23.6052 8.9640 cases.
189.829 164.577 13.8643 8.9640 For
208.395 164.577 18.2766 8.9640 each
231.303 164.577 16.6631 8.9640 new
252.408 164.577 19.6312 8.9640 case,
276.870 164.577 11.5038 8.9640 we

45.3600 176.097 18.7049 8.9640 have
66.8338 176.097 27.7685 8.9640 chosen
97.2914 176.097 7.7489 8.9640 to
107.829 176.097 30.4378 8.9640 retrieve
141.035 176.097 7.5198 8.9640 7,
151.214 176.097 4.9800 8.9640 5
158.884 176.097 14.2229 8.9640 and
175.905 176.097 4.9800 8.9640 3
183.684 176.097 27.4398 8.9640 similar
213.903 176.097 21.0156 8.9640 cases
237.647 176.097 35.4576 8.9640 (TABLE
275.874 176.097 12.8523 8.9640 II).

45.3600 187.497 20.5574 8.9640 Then
71.0269 187.497 11.3843 8.9640 we
87.4609 187.497 43.3260 8.9640 considered
135.886 187.497 12.1014 8.9640 the
153.037 187.497 46.5829 8.9640 intersection
204.590 187.497 33.2764 8.9640 between
242.836 187.497 12.2110 8.9640 the
260.097 187.497 14.9101 8.9640 sets
280.007 187.497 8.4660 8.9640 of

45.3600 199.017 35.4178 8.9640 retrieved
83.4769 199.017 21.0156 8.9640 cases
107.102 199.017 34.3421 8.9640 obtained
144.143 199.017 10.0098 8.9640 by
156.603 199.017 12.2110 8.9640 the
171.463 199.017 14.8105 8.9640 two
189.072 199.017 36.0751 8.9640 methods.
227.797 199.017 22.8980 8.9640 Table
253.215 199.017 4.9800 8.9640 2
260.755 199.017 27.7286 8.9640 reports

45.3600 210.537 12.1014 8.9640 the
64.4334 210.537 30.5075 8.9640 number
101.942 210.537 8.3465 8.9640 of
117.161 210.537 34.3022 8.9640 identical
158.425 210.537 21.1351 8.9640 cases
186.493 210.537 34.3421 8.9640 obtained
227.857 210.537 19.4818 8.9640 from
254.221 210.537 12.1014 8.9640 the
273.294 210.537 14.9300 8.9640 two

45.3600 222.057 36.3042 8.9640 methods.

53.5200 235.038 25.6637 7.2360 TABLE
81.3464 235.038 7.1636 7.2360 II.

107.540 235.038 46.8950 7.2360 INTERSECTION
156.140 235.038 9.3629 7.2360 OF
167.180 235.038 29.2723 7.2360 RESULTS
198.050 235.038 34.3044 7.2360 OBTAINED
234.050 235.038 10.0786 7.2360 BY
245.690 235.038 29.1571 7.2360 METHOD
276.410 235.038 4.0200 7.2360 1

141.260 244.278 14.9986 7.2360 AND
157.940 244.278 29.1571 7.2360 METHOD
188.810 244.278 4.0200 7.2360 2

119.420 257.718 4.0200 7.2360 7
125.522 257.718 17.2699 7.2360 cases

180.500 257.718 4.0200 7.2360 5
186.602 257.718 17.2699 7.2360 cases

241.730 257.718 4.0200 7.2360 3
247.832 257.718 17.2699 7.2360 cases

50.7600 275.958 15.1554 7.2360 New
67.7807 275.958 13.8851 7.2360 case
83.6034 275.958 4.0200 7.2360 1

119.420 275.958 4.0200 7.2360 4

180.500 275.958 4.0200 7.2360 3

241.730 275.958 4.0200 7.2360 1

50.7600 292.398 15.1554 7.2360 New
67.7807 292.398 13.8851 7.2360 case
83.6034 292.398 4.0200 7.2360 2

119.420 292.398 4.0200 7.2360 2

180.500 292.398 4.0200 7.2360 2

241.730 292.398 4.0200 7.2360 2

50.7600 308.718 15.1554 7.2360 New
67.7807 308.718 13.8851 7.2360 case
83.6034 308.718 4.0200 7.2360 3

119.420 308.718 4.0200 7.2360 3

180.500 308.718 4.0200 7.2360 1

241.730 308.718 4.0200 7.2360 1

50.7600 325.038 15.1554 7.2360 New
67.7807 325.038 13.8851 7.2360 case
83.6034 325.038 4.0200 7.2360 4

119.420 325.038 4.0200 7.2360 3

180.500 325.038 4.0200 7.2360 2

241.730 325.038 4.0200 7.2360 0

50.7600 341.358 15.1554 7.2360 New
67.7807 341.358 13.8851 7.2360 case
83.6034 341.358 4.0200 7.2360 5

119.420 341.358 4.0200 7.2360 2

180.500 341.358 4.0200 7.2360 2

241.730 341.358 4.0200 7.2360 2

59.7840 374.007 21.7825 8.9640 From
87.6240 375.318 25.7843 7.2360 TABLE
119.044 375.318 9.5857 7.2360 II.,
135.004 374.007 11.5038 8.9640 we
152.753 374.007 13.9739 8.9640 can
172.902 374.007 31.1549 8.9640 observe
210.302 374.007 14.9998 8.9640 that
231.526 374.007 7.8485 8.9640 in
245.670 374.007 19.3224 8.9640 most
271.336 374.007 17.0914 8.9640 held

45.3600 384.927 49.5112 8.9640 experiences,
102.201 384.927 12.2110 8.9640 the
121.743 384.927 46.5829 8.9640 intersection
175.577 384.927 33.2764 8.9640 between
216.104 384.927 12.1014 8.9640 the
235.536 384.927 14.9300 8.9640 two
257.826 384.927 14.9101 8.9640 sets
280.017 384.927 8.4660 8.9640 of

45.3600 395.767 35.4178 9.0536 retrieved
85.0406 395.767 21.0156 9.0536 cases
110.229 395.767 6.6433 9.0536 is
121.026 395.767 12.7189 9.0536 not
137.928 395.767 27.4199 9.0536 empty.
169.680 395.767 17.7985 9.0536 This
191.752 395.767 25.3382 9.0536 means
221.253 395.767 14.8703 9.0536 that
240.446 395.767 34.3620 9.0536 “method
279.290 395.767 9.3425 9.0536 2”

45.3600 406.787 41.0551 8.9640 (reduction
92.9489 406.787 8.3465 8.9640 of
107.809 406.787 12.2110 8.9640 the
126.623 406.787 37.2006 8.9640 attributes
170.497 406.787 39.3818 8.9640 according
216.413 406.787 7.7489 8.9640 to
230.795 406.787 12.1014 8.9640 the
249.619 406.787 38.8042 8.9640 generated

45.3600 417.827 33.2764 8.9640 decision
83.2478 417.827 18.2965 8.9640 tree)
106.245 417.827 13.8544 8.9640 can
124.711 417.827 30.4378 8.9640 retrieve
159.840 417.827 35.3879 8.9640 pertinent
199.889 417.827 21.0156 8.9640 cases
225.556 417.827 7.7489 8.9640 in
238.026 417.827 31.7525 8.9640 general.
274.479 417.827 13.8942 8.9640 We

45.3600 428.747 26.5135 8.9640 cannot
77.1324 428.747 33.7644 8.9640 consider
116.215 428.747 14.4221 8.9640 this
135.876 428.747 8.2967 8.9640 as
149.422 428.747 4.4222 8.9640 a
159.133 428.747 42.3101 8.9640 validation.
206.731 428.747 29.2027 8.9640 Further
241.253 428.747 47.1706 8.9640 experiences

45.3600 439.667 17.6890 8.9640 with
67.1824 439.667 12.2110 8.9640 the
83.5964 439.667 20.3782 8.9640 same
108.177 439.667 17.1412 8.9640 case
129.522 439.667 20.2387 8.9640 base,
153.973 439.667 14.4520 8.9640 and
172.668 439.667 20.4479 8.9640 other
197.359 439.667 17.1412 8.9640 case
218.703 439.667 21.6232 8.9640 bases
244.490 439.667 19.3622 8.9640 from
267.856 439.667 20.5774 8.9640 other

45.3600 450.587 33.7246 8.9640 domains
81.5646 450.587 13.9739 8.9640 can
97.9886 450.587 31.7226 8.9640 confirm
132.151 450.587 14.5315 8.9640 this
149.163 450.587 22.1909 8.9640 result

132.020 467.507 9.6900 8.9640 V.
154.940 467.507 52.8139 8.9640 CONCLUSION

59.7840 484.427 8.3266 8.9640 In
71.1583 484.427 14.4221 8.9640 this
88.6580 484.427 27.4298 8.9640 article,
119.344 484.427 11.3843 8.9640 we
133.856 484.427 38.2962 8.9640 presented
175.320 484.427 13.2667 8.9640 our
191.724 484.427 36.7325 8.9640 approach
231.504 484.427 14.8703 8.9640 that
249.492 484.427 38.8838 8.9640 integrates

45.3600 495.347 16.6432 8.9640 data
68.2580 495.347 28.1171 8.9640 mining
102.550 495.347 42.7284 8.9640 techniques
151.354 495.347 15.5376 8.9640 into
173.156 495.347 12.1014 8.9640 the
191.503 495.347 19.9598 8.9640 CBR
217.528 495.347 23.5753 8.9640 cycle,
247.259 495.347 14.4520 8.9640 and
267.995 495.347 20.3582 8.9640 more

45.3600 506.267 36.1448 8.9640 precisely
84.5526 506.267 15.5376 8.9640 into
103.357 506.267 12.1014 8.9640 the
118.705 506.267 33.3162 8.9640 retrieval
155.258 506.267 22.7785 8.9640 phase
181.264 506.267 11.5835 8.9640 for
196.104 506.267 12.1014 8.9640 the
211.572 506.267 38.3062 8.9640 similarity
253.045 506.267 35.3381 8.9640 calculus.

45.3600 517.187 15.4380 8.9640 Our
66.4553 517.187 36.6628 8.9640 objective
108.765 517.187 6.6433 8.9640 is
120.996 517.187 7.7489 8.9640 to
134.412 517.187 33.1768 8.9640 improve
173.346 517.187 12.1014 8.9640 the
191.094 517.187 33.2066 8.9640 retrieval
229.938 517.187 16.1252 8.9640 step
251.870 517.187 24.2924 8.9640 which
281.730 517.187 6.6433 8.9640 is

45.3600 528.107 27.0840 8.9640 known
75.4818 528.107 8.4262 8.9640 as
86.8661 528.107 17.7288 8.9640 time
107.602 528.107 46.3738 8.9640 consuming,
156.984 528.107 7.8485 8.9640 in
167.880 528.107 38.2066 8.9640 particular
209.115 528.107 7.7489 8.9640 in
219.891 528.107 4.4222 8.9640 a
227.441 528.107 17.8085 8.9640 very
248.058 528.107 20.0096 8.9640 large
271.076 528.107 17.2607 8.9640 case

45.3600 539.027 20.2387 8.9640 base.

59.7840 555.977 15.5774 8.9640 The
79.2060 555.977 35.3082 8.9640 designed
118.418 555.977 32.0812 8.9640 solution
154.274 555.977 6.6433 8.9640 is
164.712 555.977 34.3421 8.9640 intended
202.959 555.977 7.7489 8.9640 to
214.582 555.977 17.0914 8.9640 help
235.458 555.977 12.1014 8.9640 the
251.404 555.977 25.6072 8.9640 doctor
280.766 555.977 7.7489 8.9640 in

45.3600 566.897 12.1014 8.9640 the
64.9115 566.897 40.5770 8.9640 prediction
112.858 566.897 8.3465 8.9640 of
128.555 566.897 12.1014 8.9640 the
148.107 566.897 34.2724 8.9640 outcome
189.829 566.897 8.3465 8.9640 of
205.526 566.897 12.2110 8.9640 the
225.187 566.897 63.2360 8.9640 immunotherapy

45.3600 577.817 37.6488 8.9640 treatment
87.0725 577.817 10.0098 8.9640 on
101.096 577.817 4.4222 8.9640 a
109.721 577.817 16.6631 8.9640 new
130.348 577.817 27.2306 8.9640 patient
161.762 577.817 17.6890 8.9640 with
183.465 577.817 27.7685 8.9640 plantar
215.347 577.817 8.3465 8.9640 or
227.797 577.817 34.9596 8.9640 common
266.890 577.817 21.5136 8.9640 warts

45.3600 588.737 31.2644 8.9640 disease.

59.7840 605.657 11.2150 8.9640 To
75.6104 605.657 14.8703 8.9640 that
95.1619 605.657 16.8822 8.9640 end,
116.854 605.657 11.3843 8.9640 we
132.930 605.657 36.6920 8.9640 proposed
174.363 605.657 7.7489 8.9640 to
186.713 605.657 13.1870 8.9640 use
204.591 605.657 4.4222 8.9640 a
213.705 605.657 33.2764 8.9640 decision
251.593 605.657 14.9500 8.9640 tree
271.244 605.657 8.2967 8.9640 as
284.192 605.657 4.4222 8.9640 a

45.3600 616.577 57.6086 8.9640 discriminating
106.604 616.577 15.5874 8.9640 tool
125.777 616.577 7.7489 8.9640 to
137.151 616.577 24.3522 8.9640 reveal
165.089 616.577 12.2110 8.9640 the
181.025 616.577 19.3224 8.9640 most
203.933 616.577 32.1509 8.9640 relevant
239.669 616.577 37.3301 8.9640 attributes
280.555 616.577 7.8485 8.9640 in

45.3600 627.497 12.1014 8.9640 the
61.0669 627.497 19.6312 8.9640 case.
84.3235 627.497 15.5774 8.9640 The
103.506 627.497 37.7086 8.9640 reduction
144.740 627.497 8.3465 8.9640 of
156.593 627.497 12.2110 8.9640 the
172.409 627.497 37.0811 8.9640 attributes
213.056 627.497 21.6530 8.9640 taken
238.235 627.497 15.4280 8.9640 into
257.288 627.497 31.1748 8.9640 account

45.3600 638.417 7.7489 8.9640 in
58.4275 638.417 12.2110 8.9640 the
76.0468 638.417 38.4157 8.9640 similarity
119.791 638.417 32.7684 8.9640 calculus
157.918 638.417 13.9739 8.9640 can
177.220 638.417 50.0490 8.9640 significantly
232.598 638.417 22.7287 8.9640 speed
260.764 638.417 9.9002 8.9640 up
276.103 638.417 12.2110 8.9640 the

45.3600 649.337 33.2066 8.9640 retrieval
81.0865 649.337 8.3465 8.9640 of
91.8632 649.337 27.6689 8.9640 similar
122.071 649.337 23.6052 8.9640 cases.

59.7840 666.257 13.8942 8.9640 We
79.5646 666.257 18.1670 8.9640 used
103.667 666.257 12.1014 8.9640 the
121.655 666.257 29.9597 8.9640 WEKA
157.460 666.257 15.5874 8.9640 tool
178.903 666.257 11.5835 8.9640 for
196.383 666.257 12.1014 8.9640 the
214.371 666.257 42.0412 8.9640 generation
262.219 666.257 8.3465 8.9640 of
276.352 666.257 12.1014 8.9640 the

45.3600 677.177 33.2764 8.9640 decision
83.8454 677.177 14.9500 8.9640 tree
104.094 677.177 14.4520 8.9640 and
123.864 677.177 12.2110 8.9640 the
141.364 677.177 42.8778 8.9640 jCOLIBRI
189.541 677.177 12.5197 8.9640 2.1
207.379 677.177 43.6846 8.9640 framework
256.382 677.177 14.9998 8.9640 that
276.760 677.177 11.5038 8.9640 we

45.3600 688.097 45.3877 8.9640 customized
93.3373 688.097 39.3818 8.9640 according
135.169 688.097 7.7489 8.9640 to
145.468 688.097 12.1014 8.9640 the
160.218 688.097 18.2766 8.9640 field
181.065 688.097 8.3465 8.9640 of
191.841 688.097 46.8618 8.9640 application.

59.7840 705.037 15.5774 8.9640 The
79.4450 705.037 47.0510 8.9640 experiences
130.539 705.037 41.5133 8.9640 performed
176.196 705.037 12.3205 8.9640 are
192.600 705.037 17.8085 8.9640 very
214.303 705.037 49.4514 8.9640 encouraging
267.768 705.037 20.6072 8.9640 since

45.3600 715.957 17.2109 8.9640 they
67.0628 715.957 33.8640 8.9640 revealed
105.657 715.957 14.8703 8.9640 that
125.209 715.957 12.2110 8.9640 the
142.111 715.957 26.1550 8.9640 results
172.907 715.957 34.3421 8.9640 obtained
212.110 715.957 21.5335 8.9640 when
238.374 715.957 11.5038 8.9640 we
254.569 715.957 33.8939 8.9640 consider

45.3600 726.877 17.7985 8.9640 only
69.3337 726.877 12.2110 8.9640 the
87.9091 726.877 37.2744 8.9640 attributes
131.508 726.877 33.2764 8.9640 deduced
171.188 726.877 19.4818 8.9640 from
196.835 726.877 12.1014 8.9640 the
215.301 726.877 33.3959 8.9640 decision
254.992 726.877 14.9500 8.9640 tree
276.326 726.877 12.2110 8.9640 are

45.3600 737.797 46.5132 8.9640 comparable
94.3931 737.797 7.7489 8.9640 to
104.691 737.797 20.9758 8.9640 those
128.197 737.797 34.3421 8.9640 obtained
165.238 737.797 21.6431 8.9640 when
189.451 737.797 11.5038 8.9640 we
203.485 737.797 13.1870 8.9640 use
219.201 737.797 10.0795 8.9640 all
231.771 737.797 12.1213 8.9640 the
246.422 737.797 39.6906 8.9640 attributes.

321.070 55.8373 11.2150 8.9640 To
336.647 55.8373 31.5234 8.9640 validate
372.503 55.8373 13.2667 8.9640 our
390.112 55.8373 39.1627 8.9640 approach,
433.608 55.8373 27.0314 8.9640 further
465.002 55.8373 47.1706 8.9640 experiences
516.574 55.8373 19.3224 8.9640 must
540.200 55.8373 9.4520 8.9640 be

306.650 66.7573 19.6411 8.9640 held.
334.458 66.7573 23.8741 8.9640 These
366.479 66.7573 47.0510 8.9640 experiences
421.648 66.7573 13.9540 8.9640 can
443.709 66.7573 31.5931 8.9640 concern
483.390 66.7573 20.5574 8.9640 other
512.144 66.7573 20.9957 8.9640 types
541.277 66.7573 8.4660 8.9640 of

306.650 77.6973 41.5232 8.9640 treatments
355.683 77.6973 8.3465 8.9640 of
371.499 77.6973 12.2110 8.9640 the
391.399 77.6973 21.6132 8.9640 warts
420.532 77.6973 28.7744 8.9640 disease
456.876 77.6973 17.7089 8.9640 (e.g.
482.155 77.6973 12.2110 8.9640 the
501.935 77.6973 48.0436 8.9640 cryotherapy

306.650 88.6173 43.4754 8.9640 treatment),
354.099 88.6173 14.3424 8.9640 and
372.445 88.6173 16.0456 8.9640 also
392.465 88.6173 17.1412 8.9640 case
413.570 88.6173 21.4837 8.9640 bases
438.988 88.6173 19.4818 8.9640 from
462.235 88.6173 20.4479 8.9640 other
486.687 88.6173 36.1847 8.9640 domains.
526.845 88.6173 22.8781 8.9640 Some

306.650 99.5373 33.7445 8.9640 attempts
342.864 99.5373 12.2110 8.9640 are
357.605 99.5373 31.7126 8.9640 actually
391.768 99.5373 7.7489 8.9640 in
401.957 99.5373 36.4038 8.9640 progress.

321.070 116.457 12.1711 8.9640 On
336.896 116.457 29.9198 8.9640 another
370.700 116.457 21.8024 8.9640 hand,
396.357 116.457 11.5038 8.9640 we
411.586 116.457 12.2110 8.9640 are
427.642 116.457 33.2664 8.9640 working
464.553 116.457 10.1293 8.9640 on
478.328 116.457 12.2110 8.9640 the
494.264 116.457 43.3459 8.9640 integration
541.255 116.457 8.4660 8.9640 of

306.650 127.377 22.1311 8.9640 many
332.556 127.377 20.5574 8.9640 other
356.997 127.377 44.8997 8.9640 datamining
405.672 127.377 42.7085 8.9640 techniques
452.195 127.377 14.3424 8.9640 and
470.422 127.377 18.2965 8.9640 their
492.593 127.377 27.1012 8.9640 impact
523.519 127.377 10.1293 8.9640 on
537.423 127.377 12.1014 8.9640 the

306.650 138.297 30.4378 8.9640 retrieve
339.617 138.297 22.6690 8.9640 phase
364.796 138.297 8.3465 8.9640 of
375.573 138.297 12.2110 8.9640 the
390.314 138.297 20.0794 8.9640 CBR
412.863 138.297 23.5853 8.9640 cycle.

402.550 157.617 51.6079 8.9640 REFERENCES

315.310 172.608 9.3907 7.2360 [1]

342.670 172.608 33.1730 7.2360 Nasrullah,
378.430 172.608 11.5696 7.2360 and
392.470 172.608 9.2058 7.2360 M.
404.216 172.608 25.1491 7.2360 Hassan,
431.950 172.528 38.0842 7.3084 “Evaluation
472.711 172.608 6.6410 7.2360 of
481.941 172.608 39.6486 7.2360 jCOLIBRI”,
524.243 172.608 25.8486 7.2360 Rapport

342.670 181.608 7.6380 7.2360 de
352.374 181.608 16.4096 7.2360 thèse
370.842 181.608 7.6380 7.2360 de
380.546 181.608 23.3642 7.2360 master,
405.968 181.608 36.3890 7.2360 Malardalen
444.560 181.608 35.5850 7.2360 University,
482.324 181.608 33.2856 7.2360 Vasagatan
517.692 181.608 10.0420 7.2360 44,
529.793 181.608 20.0839 7.2360 72123

342.670 190.608 29.5952 7.2360 Vasteras,
374.323 190.608 29.2765 7.2360 Sweden.,
405.545 190.608 18.0739 7.2360 2006.

315.310 199.608 9.3907 7.2360 [2]

342.670 199.608 5.1376 7.2360 J.
353.700 199.608 43.6552 7.2360 Bello-Tomas,
403.257 199.608 6.4481 7.2360 P.
415.719 199.608 56.1694 7.2360 Gonzalez-Calero,
477.782 199.608 11.6821 7.2360 and
495.261 199.608 7.4048 7.2360 B.
508.559 199.608 41.4508 7.2360 Diaz-Agudo,

342.670 208.528 39.9151 7.3084 “jCOLIBRI:
388.261 208.608 58.2510 7.2360 Anobject-oriented
452.084 208.608 34.8534 7.2360 framework
492.613 208.608 9.2782 7.2360 for
507.479 208.608 26.7973 7.2360 building
539.728 208.608 10.3574 7.2360 cbr

342.670 217.528 30.8012 7.3084 systems,”
381.173 217.528 17.1413 7.3084 IEEE
405.888 217.528 37.8202 7.3084 Advancesin
451.202 217.528 37.7076 7.3084 Case-Based
496.507 217.608 35.7217 7.2360 Reasoning,
539.682 217.608 10.2510 7.2360 7th

342.670 226.608 30.6404 7.2360 European
379.589 226.608 36.8956 7.2360 Conference
422.748 226.608 7.9837 7.2360 on
437.027 226.608 37.7296 7.2360 Case-Based
481.156 226.608 33.7519 7.2360 Reasoning
521.204 226.608 28.8716 7.2360 (ECCBR

342.670 235.638 20.7110 7.2360 2004),
365.326 235.638 10.0420 7.2360 pp.
377.314 235.638 22.0776 7.2360 32–46,
401.337 235.638 18.0739 7.2360 2004.

315.310 244.638 9.3907 7.2360 [3]

342.670 242.978 31.9877 9.2130 I.Watson,
380.309 244.558 40.0432 7.3084 “Case-based
426.029 244.638 31.0103 7.2360 reasoning
462.611 244.638 5.2903 7.2360 is
473.529 244.638 3.5698 7.2360 a
482.751 244.638 42.1537 7.2360 methodology
530.356 244.638 10.2671 7.2360 not
546.291 244.638 3.5698 7.2360 a

342.670 253.638 41.0100 7.2360 technology”,
385.750 253.638 59.0896 7.2360 Knowledge-Based
446.921 253.638 26.6526 7.2360 Systems
475.584 253.638 10.0420 7.2360 12,
487.572 253.638 4.0200 7.2360 p
493.570 253.638 30.1800 7.2360 303–308,
525.695 253.638 17.9743 7.2360 1999.

315.310 262.638 9.3907 7.2360 [4]

342.670 262.638 9.2058 7.2360 M.
355.870 262.558 22.3914 7.3084 Hanifi,
382.128 262.558 36.9071 7.3084 “Extraction
422.935 262.638 7.6380 7.2360 de
434.440 262.638 49.6390 7.2360 caractéristiques
487.906 262.638 7.6380 7.2360 de
499.411 262.638 22.2708 7.2360 texture
525.549 262.638 14.6569 7.2360 pour
544.122 262.638 5.7325 7.2360 la

342.670 271.558 42.2743 7.3084 classification
386.914 271.558 29.2656 7.3084 d’images
418.189 271.558 33.6803 7.3084 satellites”,
453.928 271.638 19.0468 7.2360 Thèse
474.912 271.638 7.6380 7.2360 de
484.496 271.638 30.1822 7.2360 Doctorat,
516.736 271.638 33.3178 7.2360 Université

342.670 280.638 7.6380 7.2360 de
352.253 280.638 31.6374 7.2360 Toulouse,
385.949 280.638 18.0739 7.2360 2009.

315.310 289.638 9.3907 7.2360 [5]

342.670 289.558 9.2058 7.3084 M.
355.614 289.558 38.9297 7.3084 Kriegsmann
398.306 289.558 11.4650 7.3084 and
413.414 289.558 7.4048 7.3084 R.
424.436 289.558 27.3119 7.3084 Barletta,
455.487 289.558 31.5972 7.3084 “Building
490.622 289.558 3.5698 7.3084 a
497.809 289.558 34.7806 7.3084 case-based
536.232 289.638 13.7323 7.2360 help

342.670 298.558 14.6971 7.3084 desk
359.336 298.558 41.1005 7.3084 application,”
402.495 298.558 17.1413 7.3084 IEEE
421.695 298.558 23.3482 7.3084 Expert,
447.101 298.558 12.1002 7.3084 vol.
461.260 298.558 5.9737 7.3084 8,
469.292 298.558 10.0420 7.3084 pp.
481.279 298.558 22.1824 7.3084 18–26,
505.407 298.638 17.9694 7.2360 1993.

315.310 307.638 9.3907 7.2360 [6]

342.670 307.638 6.9224 7.2360 E.
355.019 307.638 7.6460 7.2360 K.
367.990 307.638 21.5392 7.2360 Burke,
394.827 307.638 7.4048 7.2360 B.
407.538 307.638 6.6893 7.2360 L.
419.647 307.638 37.8684 7.2360 MacCarthy,
462.813 307.638 6.4481 7.2360 S.
474.680 307.638 28.6385 7.2360 Petrovic,
508.625 307.638 11.4650 7.2360 and
525.413 307.638 7.4048 7.2360 R.
538.124 307.638 11.7304 7.2360 Qu,

342.670 316.558 57.6388 7.3084 “Multipleretrieval
403.589 316.558 13.8851 7.3084 case
420.730 316.558 18.2830 7.3084 based
442.309 316.558 31.1148 7.3084 reasoning
476.720 316.558 9.2782 7.3084 for
489.311 316.558 20.9603 7.3084 course
513.528 316.558 36.3971 7.3084 timetabling

342.670 325.558 33.3338 7.3084 problems”
379.390 325.638 2.0100 7.2360 ,
384.790 325.638 23.5652 7.2360 Journal
411.635 325.638 6.6410 7.2360 of
421.589 325.638 9.8008 7.2360 the
434.654 325.638 37.8282 7.2360 Operational
475.762 325.638 29.3219 7.2360 Research
508.380 325.638 25.8808 7.2360 Society,
537.638 325.638 12.1002 7.2360 vol.

342.670 334.638 10.0420 7.2360 57,
354.657 334.638 10.0420 7.2360 pp.
366.645 334.638 30.1104 7.2360 148–162,
398.701 334.638 18.0739 7.2360 2006.

315.310 343.638 9.3907 7.2360 [7]

342.670 343.638 6.4481 7.2360 P.
351.310 343.638 25.9853 7.2360 Clerkin,
379.390 343.638 49.7700 7.2360 P.Cunningham,
431.230 343.638 11.5696 7.2360 and
444.820 343.638 7.4100 7.2360 C.
454.300 343.638 21.8100 7.2360 Hayes,
478.288 343.558 30.2965 7.3084 “Concept
510.547 343.638 31.1148 7.2360 discovery
543.700 343.638 6.2953 7.2360 in

342.670 352.638 41.8241 7.2360 collaborative
388.361 352.638 43.9669 7.2360 recommender
436.243 352.558 30.8012 7.3084 systems”,
471.100 352.638 22.2467 7.2360 Trinity
497.125 352.638 24.8034 7.2360 College
525.796 352.638 24.2969 7.2360 Dublin,

342.670 361.638 37.8362 7.2360 Department
382.468 361.638 6.6410 7.2360 of
391.103 361.638 31.9590 7.2360 Computer
425.055 361.638 27.0541 7.2360 Science,
454.055 361.638 17.9743 7.2360 2003.

315.310 370.638 9.3907 7.2360 [8]

342.670 370.638 7.6460 7.2360 A.
352.390 370.638 30.2100 7.2360 Mansoul,
384.550 370.638 11.5776 7.2360 and
398.110 370.558 7.4048 7.3084 B.
407.573 370.558 25.9853 7.3084 Atmani,
435.504 370.558 36.9161 7.3084 “Clustering
474.398 370.638 6.2953 7.2360 to
482.671 370.638 27.5531 7.2360 Enhance
512.169 370.638 37.9397 7.2360 Case-Based

342.670 379.638 39.4500 7.2360 Reasoning”,
387.670 379.638 6.4203 7.2360 In
396.190 379.638 33.3982 7.2360 Modelling
435.159 379.638 11.5696 7.2360 and
452.301 379.638 50.5555 7.2360 Implementation
508.428 379.638 6.6410 7.2360 of
520.544 379.638 29.3380 7.2360 Complex

342.670 388.658 26.5400 7.2360 Systems
371.230 388.658 12.7836 7.2360 (pp.
385.959 388.658 31.4335 7.2360 137-151).
419.451 388.658 29.3460 7.2360 Springer,
450.855 388.658 21.1747 7.2360 Cham,
474.100 388.658 17.9694 7.2360 2016.

315.310 397.658 9.3907 7.2360 [9]

342.670 397.658 7.7666 7.2360 N.
354.175 397.658 31.4248 7.2360 Mekroud,
389.350 397.658 11.5696 7.2360 and
404.710 397.658 7.6460 7.2360 A.
416.110 397.658 37.2000 7.2360 Moussaoui,
457.169 397.578 34.9760 7.3084 “Approche
495.891 397.658 26.2184 7.2360 Hybride
525.736 397.658 14.7775 7.2360 pour
544.188 397.658 5.7325 7.2360 le

342.670 406.658 34.7489 7.2360 Diagnostic
388.602 406.658 30.6324 7.2360 Industriel
430.434 406.658 17.8351 7.2360 basée
459.453 406.658 9.8731 7.2360 sur
480.558 406.658 5.7325 7.2360 le
497.474 406.658 18.6689 7.2360 RàPC
527.335 406.658 5.7164 7.2360 et
544.363 406.658 5.7325 7.2360 le

342.670 415.658 37.8282 7.2360 Datamining
382.510 415.658 33.7600 7.2360 Utilisation
421.750 415.578 7.6380 7.3084 de
434.815 415.578 5.7325 7.3084 la
445.974 415.578 35.0142 7.3084 Plateforme
486.399 415.578 35.1750 7.3084 JCOLIBRI
526.816 415.578 15.7745 7.3084 2.1.”
548.018 415.578 2.0100 7.3084 ,

342.670 424.658 6.5403 7.2360 In
351.310 424.658 36.5177 7.2360 CIIA,2009.

311.330 433.658 13.3544 7.2360 [10]

342.670 433.658 6.4481 7.2360 S.
353.692 433.658 44.7024 7.2360 Tahmasebian,
402.849 433.658 9.2058 7.2360 M.
416.630 433.658 45.5144 7.2360 Langarizadeh,
466.606 433.658 9.2058 7.2360 M.
480.387 433.658 39.7739 7.2360 Ghazisaeidi,
524.615 433.658 11.5776 7.2360 and
540.671 433.658 9.2058 7.2360 M.

342.670 442.658 31.2373 7.2360 Mahdavi-
378.070 442.578 27.7943 7.3084 Mazdeh,
410.197 442.578 36.5430 7.3084 “Designing
450.873 442.658 11.5776 7.2360 and
466.704 442.658 50.1937 7.2360 implementation
521.255 442.658 6.6410 7.2360 of
532.165 442.658 17.8006 7.2360 fuzzy

342.670 451.658 34.7230 7.2360 case-based
384.411 451.658 31.1148 7.2360 reasoning
422.545 451.658 22.0939 7.2360 system
451.698 451.658 7.9837 7.2360 on
466.701 451.658 24.4014 7.2360 android
498.121 451.658 27.4807 7.2360 platform
532.661 451.658 17.3182 7.2360 using

342.670 460.658 31.6213 7.2360 electronic
377.555 460.658 30.6726 7.2360 discharge
411.613 460.658 29.9249 7.2360 summary
444.834 460.658 6.6410 7.2360 of
454.908 460.658 24.9481 7.2360 patients
483.201 460.658 14.2067 7.2360 with
500.824 460.658 23.9592 7.2360 chronic
528.168 460.658 21.7723 7.2360 kidney

342.670 469.578 31.8464 7.3084 diseases,”
376.960 469.578 15.0750 7.3084 Acta
394.568 469.578 37.2574 7.3084 Informatica
434.245 469.578 26.0014 7.3084 Medica,
462.667 469.578 12.1002 7.3084 vol.
477.299 469.578 10.1465 7.3084 24,
489.866 469.578 8.0882 7.3084 no
500.294 469.578 6.0782 7.3084 4,
508.792 469.578 10.0420 7.3084 pp.
521.254 469.578 28.8912 7.3084 266-270,

342.670 478.658 18.0739 7.2360 2016.

311.330 487.658 13.3544 7.2360 [11]

342.670 487.658 6.4481 7.2360 S.
351.417 487.658 37.3740 7.2360 El-Sappagh
390.994 487.578 11.5776 7.3084 and
404.775 487.578 9.2058 7.3084 M.
416.159 487.578 27.2074 7.3084 Elmogy,
445.666 487.578 9.3988 7.3084 “A
457.171 487.578 18.0622 7.3084 fuzzy
477.452 487.658 28.4857 7.2360 ontology
508.037 487.658 30.3912 7.2360 modeling
540.647 487.658 9.2782 7.2360 for

342.670 496.578 13.8851 7.3084 case
358.967 496.578 14.2549 7.3084 base
375.634 496.578 34.9901 7.3084 knowledge
413.044 496.578 6.2953 7.3084 in
421.896 496.578 26.1541 7.3084 diabetes
450.550 496.578 25.7923 7.3084 mellitus
478.730 496.578 29.5952 7.3084 domain,”
510.858 496.578 39.0262 7.3084 Engineering

342.670 505.658 25.0205 7.2360 Science
369.877 505.658 11.5696 7.2360 and
383.666 505.658 40.0231 7.2360 Technology,
425.988 505.658 7.6139 7.2360 an
436.046 505.658 40.7146 7.2360 International
478.964 505.658 25.5190 7.2360 Journal,
506.782 505.658 12.1002 7.2360 vol.
521.182 505.658 10.1465 7.2360 20,
533.507 505.658 8.0882 7.2360 no
543.814 505.658 5.9737 7.2360 3,

342.670 514.658 10.0420 7.2360 pp.
354.657 514.658 36.8063 7.2360 1025-1040,
393.409 514.658 17.9694 7.2360 2017.

311.330 523.658 13.3544 7.2360 [12]

342.670 523.658 9.2058 7.2360 M.
356.950 523.658 34.3790 7.2360 Benamina,
396.430 523.658 7.2923 7.2360 B.
408.779 523.658 25.9933 7.2360 Atmani,
439.900 523.658 11.4650 7.2360 and
456.460 523.658 6.4481 7.2360 S.
467.860 523.658 45.5466 7.2360 Benbelkacem,
518.500 523.578 31.5396 7.3084 “Diabetes

342.670 532.658 32.1439 7.2360 Diagnosis

387.637 532.658 8.0882 7.2360 by

408.501 532.658 37.8980 7.2360 Case-Based

459.295 532.658 33.9198 7.2360 Reasoning

505.991 532.658 11.5776 7.2360 and

530.569 532.658 19.4809 7.2360 Fuzzy

342.670 541.658 24.2100 7.2360 Logic”,
369.070 541.658 40.8271 7.2360 International
415.219 541.658 23.5652 7.2360 Journal
444.107 541.658 6.6410 7.2360 of
456.223 541.658 34.1378 7.2360 Interactive
495.667 541.658 37.3940 7.2360 Multimedia
538.360 541.658 11.5776 7.2360 and

342.670 550.688 29.4344 7.2360 Artificial
374.066 550.688 39.5407 7.2360 Intelligence,
415.665 550.688 9.1736 7.2360 (In
426.921 550.688 21.4427 7.2360 Press).

311.330 559.688 13.3544 7.2360 [13]

342.670 559.688 45.2893 7.2360 F.Khozeimeh,
391.094 559.688 7.2923 7.2360 R.
401.590 559.688 43.7296 7.2360 Alizadehsani,
448.420 559.688 9.0932 7.2360 M.
460.540 559.688 44.2200 7.2360 Roshanzamir,
507.940 559.688 7.6460 7.2360 A.
518.740 559.688 31.2676 7.2360 Khosravi,

342.670 568.688 6.4481 7.2360 P.
352.630 568.688 25.7602 7.2360 Layegh,
381.790 568.688 11.6821 7.2360 and
396.873 568.688 43.0870 7.2360 S.Nahavandi,
443.336 568.608 13.1792 7.3084 “An
459.917 568.688 19.9794 7.2360 expert
483.289 568.688 22.0939 7.2360 system
508.719 568.688 9.3907 7.2360 for
521.423 568.688 28.7028 7.2360 selecting

342.670 577.688 14.1022 7.2360 wart
366.162 577.688 30.2867 7.2360 treatment
405.840 577.688 29.5597 7.2360 method”,
444.700 577.688 35.1509 7.2360 Computers
489.193 577.688 6.1828 7.2360 in
504.654 577.688 24.5842 7.2360 biology
538.412 577.688 11.6821 7.2360 and

342.670 586.688 31.3801 7.2360 medicine,
376.030 586.688 10.0420 7.2360 81,
388.017 586.688 28.7626 7.2360 167-175,
420.647 586.688 18.0739 7.2360 2017.

311.330 595.688 13.3544 7.2360 [14]

342.670 595.608 6.4481 7.3084 S.
351.891 595.608 7.4048 7.3084 R.
362.078 595.608 24.0637 7.3084 Garner,
389.036 595.608 24.2969 7.3084 “Weka:
416.131 595.608 12.4379 7.3084 The
431.351 595.608 25.3501 7.3084 waikato
459.515 595.608 40.3769 7.3084 environment
502.802 595.608 9.2782 7.3084 for
514.790 595.608 34.9901 7.3084 knowledge

342.670 604.608 37.8362 7.3084 analysis,”In
386.069 604.608 16.6428 7.3084 Proc.
408.252 604.608 6.6410 7.3084 of
420.368 604.608 9.9133 7.3084 the
435.708 604.608 15.1554 7.3084 New
456.210 604.608 25.8486 7.3084 Zealand
487.623 604.608 31.9429 7.3084 Computer
525.041 604.608 24.9160 7.3084 Science

342.670 613.688 29.3219 7.2360 Research
374.074 613.688 27.5852 7.2360 Students
403.565 613.688 38.6965 7.2360 Conference,
444.319 613.688 10.0420 7.2360 pp.
456.307 613.688 22.3146 7.2360 57–64,
480.567 613.688 17.9694 7.2360 1995.

311.330 622.688 13.3544 7.2360 [15]

342.670 622.688 7.6460 7.2360 A.
353.331 622.688 7.6460 7.2360 G.
363.871 622.688 37.6885 7.2360 C.Menezes,
404.454 622.688 7.7666 7.2360 O.
415.115 622.688 9.2058 7.2360 M.
427.270 622.688 29.5200 7.2360 Almeida,
459.580 622.688 11.5696 7.2360 and
473.980 622.688 6.3275 7.2360 F.
483.201 622.688 7.4281 7.2360 R.
493.420 622.688 28.2445 7.2360 Barbosa,
524.620 622.608 15.9340 7.3084 “Use
543.327 622.688 6.6410 7.2360 of

342.670 631.688 26.6767 7.2360 decision
372.868 631.688 11.9635 7.2360 tree
388.216 631.688 34.3228 7.2360 algorithms
425.988 631.688 6.2953 7.2360 to
435.580 631.688 28.5179 7.2360 diagnose
467.474 631.688 28.0194 7.2360 incipient
499.007 631.688 17.7523 7.2360 faults
520.225 631.688 6.1828 7.2360 in
529.809 631.688 19.9392 7.2360 power

342.670 640.688 46.0500 7.2360 transformers”.
396.550 640.688 6.4203 7.2360 In
405.070 640.688 16.1202 7.2360 2018
428.924 640.688 30.2786 7.2360 Simposio
466.817 640.688 31.5972 7.2360 Brasileiro
506.148 640.688 7.6380 7.2360 de
521.489 640.688 28.4214 7.2360 Sistemas

342.670 649.688 28.4370 7.2360 Eletricos
373.117 649.688 24.5220 7.2360 (SBSE)
399.670 649.688 12.6791 7.2360 (pp.
414.294 649.688 15.3306 7.2360 1-6).
431.683 649.688 19.1513 7.2360 IEEE,
452.917 649.688 20.6065 7.2360 (2018,
475.469 649.688 19.2799 7.2360 May).

311.330 658.688 13.3544 7.2360 [16]

342.670 658.688 6.4481 7.2360 S.
353.934 658.688 7.6460 7.2360 A.
366.430 658.688 17.5996 7.2360 Nabi,
388.750 658.688 6.4481 7.2360 S.
399.910 658.688 24.2100 7.2360 Rasool,
428.936 658.688 11.4650 7.2360 and
445.300 658.688 6.4481 7.2360 P.
456.460 658.688 37.8900 7.2360 Premchand,
499.166 658.608 34.6169 7.3084 “Detection
538.518 658.688 11.4650 7.2360 and

342.670 667.688 32.0796 7.2360 extraction
384.510 667.688 6.6410 7.2360 of
400.823 667.688 20.9275 7.2360 videos
431.455 667.688 17.4307 7.2360 using
458.421 667.688 26.6928 7.2360 decision
494.754 667.688 23.4234 7.2360 trees”,(
520.300 667.688 29.6515 7.2360 IJACSA)

342.670 676.688 40.9477 7.2360 International
389.414 676.688 23.5813 7.2360 Journal
418.792 676.688 6.6410 7.2360 of
431.383 676.688 32.4253 7.2360 Advanced
469.621 676.688 32.0635 7.2360 Computer
507.514 676.688 25.0205 7.2360 Science
538.315 676.688 11.5696 7.2360 and

342.670 685.688 42.8773 7.2360 Applications,
387.550 685.688 19.3844 7.2360 2(12),
408.880 685.688 28.7801 7.2360 147-151.
439.630 685.688 2.0100 7.2360 ,
443.585 685.688 18.0739 7.2360 2011.

311.330 694.688 13.3544 7.2360 [17]

342.670 694.688 23.4780 7.2360 Y.Guo,
370.390 694.688 11.6821 7.2360 and
386.309 694.688 21.2508 7.2360 K.Wu,
411.790 694.608 32.8019 7.3084 “Research
448.829 694.688 7.9837 7.2360 on
460.929 694.688 13.7725 7.2360 case
478.794 694.688 26.5802 7.2360 retrieval
509.611 694.688 6.6410 7.2360 of
520.401 694.688 29.4425 7.2360 Bayesian

342.670 703.688 26.0818 7.2360 network
371.429 703.688 18.2588 7.2360 under
392.276 703.688 10.3636 7.2360 big
405.213 703.688 19.0268 7.2360 data”,
426.910 703.688 15.0750 7.2360 Data
444.638 703.688 6.2551 7.2360 &
453.385 703.688 36.8612 7.2360 Knowledge
492.787 703.688 41.2130 7.2360 Engineering,
536.020 703.688 14.1102 7.2360 118,

342.670 712.708 16.7620 7.2360 1-13,
361.377 712.708 18.1024 7.2360 2018.

311.330 721.708 13.3544 7.2360 [18]

342.670 721.708 17.7300 7.2360 S.De,
366.293 721.708 11.5776 7.2360 and
383.710 721.708 49.1360 7.2360 B.Chakraborty,
438.790 721.628 19.1960 7.3084 “Case
463.758 721.708 19.6096 7.2360 Based
489.181 721.708 33.8806 7.2360 Reasoning
528.754 721.708 21.3864 7.2360 (CBR)

342.670 730.708 43.1105 7.2360 Methodology
389.438 730.708 9.3907 7.2360 for
402.624 730.708 11.6660 7.2360 Car
418.085 730.708 16.3775 7.2360 Fault
438.338 730.708 32.0233 7.2360 Diagnosis
474.188 730.708 23.4125 7.2360 System
501.419 730.708 25.3421 7.2360 (CFDS)
530.556 730.708 19.2397 7.2360 Using

342.670 739.708 28.4857 7.2360 Decision
375.634 739.708 14.4881 7.2360 Tree
394.463 739.708 11.6821 7.2360 and
410.624 739.708 23.9190 7.2360 Jaccard
438.916 739.708 31.9590 7.2360 Similarity
475.129 739.708 30.7410 7.2360 Method”,
510.340 739.708 6.4203 7.2360 In
518.860 739.708 16.1202 7.2360 2018
539.354 739.708 10.6048 7.2360 3rd

342.670 748.708 40.9477 7.2360 International
390.258 748.708 36.8956 7.2360 Conference
433.779 748.708 9.2782 7.2360 for
449.730 748.708 42.2904 7.2360 Convergence
498.646 748.708 6.2953 7.2360 in
511.703 748.708 38.1900 7.2360 Technology

342.670 757.588 34.8373 7.2360 (I2CT)(pp.
379.565 757.588 15.3798 7.2360 1-6).
397.003 757.588 19.1964 7.2360 IEEE,
418.258 757.588 20.7110 7.2360 (2018,
440.915 757.588 21.4956 7.2360 April).

67.0600 828.154 33.4600 6.4750 Authorized
102.466 828.154 25.6760 6.4750 licensed
130.088 828.154 11.2840 6.4750 use
143.318 828.154 20.2230 6.4750 limited
165.487 828.154 7.7840 6.4750 to:
175.217 828.154 50.1830 6.4750 Fernuniversitaet
227.346 828.154 22.5680 6.4750 Hagen.
251.860 828.154 38.9060 6.4750 Downloaded
292.712 828.154 7.7840 6.4750 on
302.442 828.154 24.8990 6.4750 October
329.287 828.154 25.2980 6.4750 11,2022
356.531 828.154 5.8380 6.4750 at
364.315 828.154 27.2440 6.4750 16:15:51
393.505 828.154 14.3850 6.4750 UTC
409.836 828.154 14.0000 6.4750 from
425.782 828.154 15.9530 6.4750 IEEE
443.681 828.154 22.1760 6.4750 Xplore.
469.749 828.154 36.5610 6.4750 Restrictions
508.256 828.154 18.6760 6.4750 apply.
