612.000 792.000
12.7300 9.6836 46.7982 9.0936 Proceeding
61.8100 9.6836 13.8312 9.0936 3rd
77.7700 9.6836 53.2992 9.0936 International
133.420 9.6836 46.1916 9.0936 Coriference
182.060 9.6836 9.9942 9.0936 on
194.180 9.6836 30.2532 9.0936 ICT4M
225.740 10.0068 20.3982 8.1663 2010

90.2900 56.0030 140.147 14.2207 DATAMINING
235.500 56.0030 45.0118 14.2207 AND
285.790 56.0030 90.7625 14.2207 ISLAMIC
381.860 56.0030 140.061 14.2207 KNOWLEDGE

74.2200 83.3330 160.522 14.2207 EXCTRACTION:
241.380 83.3330 112.601 14.2207 ALHADITH
359.340 83.3330 26.3927 14.2207 AS
390.900 83.3330 14.9912 14.2207 A
411.500 83.3330 126.122 14.2207 KNOWLEDG

243.220 110.613 125.954 14.2207 RESOURCSE

127.320 144.825 35.3587 9.0301 Kawther
165.330 144.825 43.5981 9.0301 A.Aldhlan

269.610 144.805 30.7318 9.0301 Ahmed
302.890 145.146 11.1572 8.1662 M.
317.170 144.805 18.8371 9.0301 Zeki

404.130 144.825 28.9286 9.0301 Akram
435.610 145.166 11.1572 8.1662 M.
449.890 144.825 18.7171 9.0301 Zeki

195.980 166.829 28.1265 8.7258 Faculty
226.380 166.829 55.2050 8.7258 ofInformation
284.010 166.829 13.5382 8.7258 and
300.140 166.829 60.4135 8.7258 Communication
362.910 166.829 44.9453 8.7258 Technology

220.560 177.829 49.7432 8.7258 International
271.080 177.829 29.2257 8.7258 Islamic
302.650 177.829 39.7798 8.7258 University
344.770 177.829 34.5232 8.7258 Malaysia

123.600 199.035 4.9211 9.0301 k
133.090 199.053 83.9052 9.0936 aldhlan@hotmail.com

268.330 202.619 75.7080 5.1058 amzeki@gmail.com

391.680 199.673 89.6256 9.0936 akramzeki@Vahoo.com

96.0000 221.216 27.8959 8.1662 Abstract

135.490 221.450 31.4774 8.5281 Qur'an,

178.450 221.450 46.9171 8.5281 AL-Sunnah

236.830 221.450 15.2239 8.5281 and

263.660 221.450 29.1872 8.5281 Islamic

69.9900 232.240 42.8510 8.5281 traditional
117.370 232.240 23.4301 8.5281 books
144.910 232.240 13.1807 8.5281 are
162.290 232.240 12.4854 8.5281 the
179.000 232.240 16.1495 8.5281 rich
199.530 232.240 38.2477 8.5281 resources
242.010 232.240 12.1225 8.5281 for
258.170 232.240 34.7032 8.5281 Muslims

69.9900 243.020 16.2042 8.5281 that
88.8500 243.020 18.2388 8.5281 used
109.620 243.020 8.4885 8.5281 as
120.640 243.020 12.6054 8.5281 the
135.660 243.020 15.3630 8.5281 sole
153.550 243.020 52.2953 8.5281 authoritative
208.510 243.020 26.0391 8.5281 source
237.130 243.020 7.8610 8.5281 of
247.550 243.020 45.2196 8.5281 knowledge,

70.0200 253.810 30.7258 8.5281 wisdom
103.260 253.810 15.1039 8.5281 and
121.100 253.810 16.1899 8.5281 law.
142.700 253.810 15.7533 8.5281 The
160.860 253.810 37.5644 8.5281 challenge
200.960 253.810 12.0025 8.5281 for
215.350 253.810 38.6634 8.5281 computer
256.520 253.810 36.3440 8.5281 scientists

70.0100 264.770 6.4592 8.5281 is
80.8000 264.770 7.7180 8.5281 to
92.9400 264.770 28.1864 8.5281 extract
125.470 264.770 14.9839 8.5281 and
144.800 264.770 38.2600 8.5281 represent
187.500 264.770 20.4087 8.5281 these
212.270 264.770 45.3401 8.5281 knowledge,
261.940 264.770 30.9658 8.5281 wisdom

69.9000 275.560 15.3439 8.5281 and
92.4200 275.560 14.1124 8.5281 law
113.580 275.560 7.9247 8.5281 in
128.460 275.560 38.9035 8.5281 computer
174.430 275.560 33.1322 8.5281 systems,
214.620 275.560 14.8720 8.5281 this
236.510 275.560 43.0522 8.5281 knowledge
286.520 275.560 6.3392 8.5281 is

70.0500 286.340 32.7126 8.5281 directed
112.310 286.340 8.9572 8.5281 or
130.620 286.340 43.9245 8.5281 underlying
184.030 286.340 41.6350 8.5281 ,therefore,
235.260 286.340 7.8380 8.5281 to
252.760 286.340 20.5669 8.5281 build
282.820 286.340 9.9540 8.5281 an

70.0100 297.160 40.2007 8.5281 intelligent
112.730 297.160 31.1871 8.5281 systems
146.230 297.160 23.9500 8.5281 which
172.970 297.160 14.0495 8.5281 can
189.670 297.160 28.8033 8.5281 answer
220.990 297.160 14.6516 8.5281 any
238.340 297.160 34.0183 8.5281 question
274.760 297.160 17.9672 8.5281 with

70.0400 307.960 42.8116 8.5281 knowledge
116.340 307.960 20.0417 8.5281 from
140.170 307.960 28.8367 8.5281 Quran,
172.570 307.960 43.3161 8.5281 AI-Sunnah
219.550 307.960 15.2239 8.5281 and
238.440 307.960 21.5539 8.5281 other
263.550 307.960 29.3072 8.5281 Islamic

70.2000 318.770 25.7352 8.5281 books,
98.4500 318.770 27.3715 8.5281 special
128.320 318.770 42.8338 8.5281 techniques
173.830 318.770 12.0025 8.5281 for
188.470 318.770 28.4439 8.5281 mining
219.470 318.770 17.7885 8.5281 data
239.840 318.770 19.7971 8.5281 must
262.600 318.770 9.1592 8.5281 be
274.410 318.770 18.2389 8.5281 used

69.9900 329.600 7.8380 8.5281 to
82.4100 329.600 16.7627 8.5281 deal
103.750 329.600 17.7086 8.5281 with
125.920 329.600 14.7519 8.5281 this
145.140 329.600 21.7285 8.5281 issue,
171.200 329.600 24.1904 8.5281 which
199.860 329.600 14.0495 8.5281 can
218.470 329.600 17.2911 8.5281 help
240.310 329.600 29.5276 8.5281 society,
274.590 329.600 18.0079 8.5281 both

69.8500 340.490 31.0144 8.5281 Muslim

112.140 340.490 14.9839 8.5281 and

138.430 340.490 51.4766 8.5281 non-Muslim,

201.050 340.490 7.8380 8.5281 to

220.150 340.490 46.0664 8.5281 understand

277.400 340.490 15.2239 8.5281 and

69.6200 351.160 43.0019 8.5281 appreciate
115.830 351.160 12.6054 8.5281 the
132.130 351.160 29.1872 8.5281 Islamic
164.440 351.160 33.6476 8.5281 religion,
201.280 351.160 14.8720 8.5281 this
219.440 351.160 23.5126 8.5281 paper
246.190 351.160 35.5070 8.5281 attempts
284.940 351.160 7.8379 8.5281 to

70.0100 362.090 45.8261 8.5281 understand
118.500 362.090 16.9583 8.5281 how
137.930 362.090 12.4854 8.5281 the
152.840 362.090 16.3481 8.5281 new
171.660 362.090 42.8338 8.5281 techniques
216.920 362.090 7.9247 8.5281 in
227.530 362.090 17.7885 8.5281 data
247.900 362.090 28.2039 8.5281 mining
278.610 362.090 14.0495 8.5281 can

69.8900 372.880 28.4265 8.5281 extract
104.770 372.880 29.0672 8.5281 Islamic
140.010 372.880 42.9323 8.5281 knowledge
189.070 372.880 19.8017 8.5281 from
215.110 372.880 9.4569 8.5281 its
230.850 372.880 40.4328 8.5281 resources,
277.530 372.880 15.1039 8.5281 and

70.0200 383.680 38.1401 8.5281 represent
111.520 383.680 20.6487 8.5281 these
135.450 383.680 42.9323 8.5281 knowledge
181.740 383.680 7.6847 8.5281 in
192.910 383.680 45.3631 8.5281 meaningful
241.760 383.680 12.1225 8.5281 for
257.220 383.680 12.4853 8.5281 the
273.200 383.680 19.2749 8.5281 user.

69.8500 394.490 42.1542 8.5281 Moreover,
119.920 394.490 14.6319 8.5281 this
142.260 394.490 21.9875 8.5281 study
172.020 394.490 50.8555 8.5281 concentrates
230.770 394.490 9.7905 8.5281 on
248.560 394.490 27.9633 8.5281 Hadith
284.500 394.490 8.3685 8.5281 as

70.3700 405.450 42.1562 8.5281 knowledge
116.078 405.450 36.1695 8.5281 resource,
155.230 405.450 15.2239 8.5281 and
173.810 405.450 34.9536 8.5281 proposes
211.880 405.450 37.9893 8.5281 approach
252.780 405.450 7.9579 8.5281 to
263.810 405.450 28.6943 8.5281 classify

70.2000 416.090 27.9633 8.5281 Hadith
104.670 416.090 8.0780 8.5281 to
119.210 416.090 9.4569 8.5281 its
135.490 416.090 39.6583 8.5281 categories
181.980 416.090 21.3692 8.5281 using
210.280 416.090 42.0556 8.5281 supervised
259.480 416.090 33.3962 8.5281 learning

69.8800 427.000 53.9646 8.5281 classification.

134.050 427.000 15.6333 8.5281 The
154.620 427.000 28.6790 8.5281 finding
188.400 427.000 7.7409 8.5281 of
201.050 427.000 14.6319 8.5281 this
220.630 427.000 21.9875 8.5281 study
247.390 427.000 24.3460 8.5281 shows
276.540 427.000 16.2042 8.5281 that

69.9900 437.840 20.8833 8.5281 there
96.7800 437.840 13.1807 8.5281 are
115.740 437.840 28.4475 8.5281 several
150.200 437.840 19.8818 8.5281 ways
176.090 437.840 7.8380 8.5281 to
189.790 437.840 28.3065 8.5281 extract
224.020 437.840 43.1722 8.5281 knowledge
272.960 437.840 19.8017 8.5281 from

70.2000 448.610 28.0833 8.5281 Hadith
100.530 448.610 41.8446 8.5281 depending
144.710 448.610 9.9105 8.5281 on
157.000 448.610 12.6054 8.5281 the
171.900 448.610 16.8110 8.5281 goal
191.160 448.610 7.7409 8.5281 of
201.170 448.610 12.6054 8.5281 the
216.200 448.610 44.7462 8.5281 knowledge.

96.4800 468.215 14.7606 9.0301 Key
113.610 468.215 23.2006 9.0301 words
139.690 468.215 2.5185 9.0301 :
144.970 468.215 29.0355 9.0301 Islamic
176.530 468.215 45.6020 9.0301 knowledge,
225.320 468.215 39.2821 9.0301 intelligent
266.610 468.215 25.9173 9.0301 system

67.3900 479.115 4.3727 9.0301 ,
74.2900 479.115 19.3649 9.0301 Data
95.9500 479.115 29.2322 9.0301 mining.

165.100 501.040 2.5865 6.9015 I
168.970 501.040 55.6913 6.9015 INTRODUCTION

94.5000 521.179 26.7374 8.7258 Access
124.760 521.179 7.3128 8.7258 to
135.440 521.179 11.6130 8.7258 the
150.440 521.179 40.9305 8.7258 underlying
194.720 521.179 41.3830 8.7258 knowledge
239.370 521.179 7.3134 8.7258 in
250.180 521.179 11.6130 8.7258 the
263.430 521.179 29.3457 8.7258 Islamic

70.0200 531.979 28.2983 8.7258 sources
106.620 531.979 30.2287 8.7258 requires
145.160 531.979 50.6327 8.7258 interpretation
204.180 531.979 13.5705 8.7258 and
226.050 531.979 37.1412 8.7258 inference;
272.010 531.979 20.9210 8.7258 much

70.0200 542.789 41.2622 8.7258 knowledge
114.790 542.789 6.4439 8.7258 is
124.630 542.789 31.3185 8.7258 encoded
159.480 542.789 11.4993 8.7258 via
174.330 542.789 22.5553 8.7258 subtle
200.380 542.789 12.5848 8.7258 use
216.340 542.789 7.9612 8.7258 of
227.740 542.789 25.2197 8.7258 words,
256.550 542.789 26.4679 8.7258 gramm
283.100 542.789 9.7182 8.7258 ar,

69.7800 553.639 36.2754 8.7258 allusions,
108.430 553.639 18.3234 8.7258 links
129.410 553.639 13.4505 8.7258 and
145.260 553.639 64.4357 8.7258 cross-references.
217.250 553.639 12.8774 8.7258 For
232.770 553.639 16.7994 8.7258 over
252.110 553.639 4.2000 8.7258 a
258.750 553.639 34.2141 8.7258 thousand

70.0400 564.359 22.1993 8.7258 years,
94.8600 564.359 31.0592 8.7258 scholars
128.590 564.359 17.7378 8.7258 have
149.110 564.359 25.0773 8.7258 sought
176.850 564.359 7.4328 8.7258 to
186.920 564.359 25.6866 8.7258 extract
215.370 564.359 41.3830 8.7258 knowledge
259.270 564.359 13.5705 8.7258 and
275.620 564.359 17.2492 8.7258 laws

70.2000 575.219 18.0490 8.7258 from
93.4300 575.219 11.6129 8.7258 the
110.110 575.219 16.4366 8.7258 text,
131.720 575.219 13.5328 8.7258 and
150.430 575.219 17.8578 8.7258 have
173.380 575.219 17.2534 8.7258 built
195.680 575.219 9.6003 8.7258 up
210.340 575.219 4.2001 8.7258 a
219.560 575.219 20.9210 8.7258 much
245.610 575.219 7.9612 8.7258 of
258.550 575.219 34.2363 8.7258 analyses,

70.0200 586.189 54.4422 8.7258 interpretations
126.640 586.189 13.6906 8.7258 and
142.630 586.189 35.0272 8.7258 inference
179.940 586.189 25.9959 8.7258 chains.

94.6800 597.019 37.4943 8.7258 Computer
142.330 597.019 28.9702 8.7258 Science
180.930 597.019 13.5328 8.7258 and
204.190 597.019 34.5660 8.7258 Artificial
246.980 597.019 45.8955 8.7258 Intelligence

70.0300 607.819 30.9203 8.7258 presents
103.520 607.819 11.4930 8.7258 the
117.560 607.819 43.7970 8.7258 opportunity
164.010 607.819 7.3128 8.7258 to
173.960 607.819 39.2514 8.7258 re-analyze
215.740 607.819 11.6130 8.7258 the
229.910 607.819 14.0263 8.7258 text
246.630 607.819 17.9642 8.7258 data,
267.220 607.819 25.6866 8.7258 extract

70.0400 618.649 13.6528 8.7258 and
88.2500 618.649 27.7226 8.7258 capture
120.800 618.649 11.4930 8.7258 the
137.000 618.649 40.8099 8.7258 underlying
182.480 618.649 41.5030 8.7258 knowledge
228.570 618.649 7.1934 8.7258 in
240.590 618.649 4.2001 8.7258 a
249.640 618.649 43.1221 8.7258 Knowledge

70.0800 629.429 56.4547 8.7258 Representation
133.280 629.429 13.5328 8.7258 and
153.730 629.429 39.5505 8.7258 Reasoning
200.120 629.429 40.9391 8.7258 formalism,
247.860 629.429 13.5705 8.7258 and
268.160 629.429 24.5997 8.7258 enable

70.0400 640.219 41.5142 8.7258 automated,
114.790 640.219 34.5455 8.7258 objective
152.480 640.219 35.0272 8.7258 inference
190.660 640.219 13.6528 8.7258 and
207.550 640.219 33.5180 8.7258 querying
244.180 640.219 13.5106 8.7258 [1].
264.200 640.219 28.5394 8.7258 Current

70.0200 651.139 20.4045 8.7258 study
96.6900 651.139 31.8651 8.7258 attempts
134.850 651.139 7.4328 8.7258 to
148.530 651.139 41.1436 8.7258 understand
196.060 651.139 11.4930 8.7258 the
213.820 651.139 17.7528 8.7258 need
237.830 651.139 11.1543 8.7258 for
254.990 651.139 37.6972 8.7258 extracting

68.5200 661.919 29.4688 8.7258 Islamic
100.510 661.919 41.3830 8.7258 knowledge
144.570 661.919 13.5328 8.7258 and
160.890 661.919 11.6130 8.7258 the
175.160 661.919 14.6447 8.7258 role
192.460 661.919 7.9612 8.7258 of
203.150 661.919 11.6130 8.7258 the
217.350 661.919 15.8089 8.7258 data
235.670 661.919 26.7740 8.7258 mining
265.050 661.919 13.5705 8.7258 and
281.530 661.919 11.4930 8.7258 the

297.000 770.476 19.0769 8.1662 H-21

328.740 221.089 19.3170 8.7258 other
350.710 221.089 38.1570 8.7258 intelligent
391.520 221.089 40.3982 8.7258 techniques
434.480 221.089 7.1928 8.7258 to
444.430 221.089 34.4586 8.7258 represent
481.380 221.089 13.6905 8.7258 and
497.720 221.089 37.5611 8.7258 extraction
537.940 221.089 13.6323 8.7258 this

328.740 231.889 43.6888 8.7258 knowledge,
376.390 231.889 27.2350 8.7258 present
407.580 231.889 20.4045 8.7258 study
432.090 231.889 24.5447 8.7258 adopts
460.700 231.889 25.5316 8.7258 Hadith
490.300 231.889 7.8703 8.7258 as
501.950 231.889 4.2000 8.7258 a
510.370 231.889 41.0846 8.7258 knowledge

328.730 242.689 32.1685 8.7258 resource
364.380 242.689 20.4045 8.7258 study
388.520 242.689 7.4328 8.7258 to
399.670 242.689 28.1951 8.7258 explore
431.490 242.689 11.4930 8.7258 the
446.770 242.689 27.3005 8.7258 diverse
477.690 242.689 38.1570 8.7258 intelligent
519.690 242.689 31.8862 8.7258 methods

328.750 253.519 14.1465 8.7258 that
345.180 253.519 18.3576 8.7258 were
365.730 253.519 27.6969 8.7258 applied
395.840 253.519 9.3567 8.7258 on
407.610 253.519 21.1821 8.7258 them.

342.370 275.196 5.8797 8.1663 II
350.290 276.600 14.7600 6.9015 THE
366.980 276.600 19.5615 6.9015 NEED
388.100 276.600 15.0677 6.9015 FOR
404.850 276.600 44.7328 6.9015 EXTRACTING
451.560 276.600 28.8389 6.9015 ISLAMIC
482.220 276.600 45.9050 6.9015 KNOWLEDGE

339.490 296.809 26.0994 8.7258 Recent
368.850 296.809 19.8734 8.7258 years
392.000 296.809 17.8578 8.7258 have
412.990 296.809 37.0769 8.7258 witnessed
453.330 296.809 11.4930 8.7258 the
468.080 296.809 19.3254 8.7258 rapid
490.780 296.809 30.8318 8.7258 increase
524.740 296.809 7.8412 8.7258 of
535.950 296.809 15.6889 8.7258 data

319.400 307.779 9.4683 8.7258 all
334.650 307.779 26.1353 8.7258 around
366.690 307.779 11.3730 8.7258 the
383.840 307.779 24.5020 8.7258 world,
414.100 307.779 36.2473 8.7258 therefore,
456.220 307.779 11.4930 8.7258 the
473.500 307.779 17.7527 8.7258 need
497.150 307.779 10.9143 8.7258 for
513.830 307.779 37.6972 8.7258 extracting

317.880 318.449 29.3487 8.7258 Islamic
349.750 318.449 41.2622 8.7258 knowledge
393.470 318.449 29.2459 8.7258 become
425.240 318.449 19.4347 8.7258 more
447.210 318.449 36.5966 8.7258 important
486.340 318.449 7.3128 8.7258 to
496.220 318.449 41.2582 8.7258 distinguish
539.990 318.449 11.6129 8.7258 the

319.390 329.269 14.7384 8.7258 true
338.470 329.269 41.3830 8.7258 knowledge
384.330 329.269 13.5382 8.7258 and
402.450 329.269 11.4930 8.7258 the
418.150 329.269 38.0758 8.7258 fabricated
460.530 329.269 16.0322 8.7258 one.
481.000 329.269 39.4387 8.7258 Moreover,
524.850 329.269 26.7792 8.7258 current

319.260 340.139 29.9711 8.7258 systems
354.180 340.139 12.9704 8.7258 can
372.100 340.139 30.5535 8.7258 answers
407.550 340.139 34.3175 8.7258 "factoid"
446.960 340.139 35.5037 8.7258 questions
487.600 340.139 17.9290 8.7258 from
510.470 340.139 11.6129 8.7258 the
526.910 340.139 24.6957 8.7258 source

319.390 350.899 16.5566 8.7258 text,
340.900 350.899 11.9703 8.7258 but
357.790 350.899 20.8889 8.7258 many
383.600 350.899 32.9890 8.7258 potential
421.500 350.899 35.6237 8.7258 questions
461.980 350.899 11.4936 8.7258 are
478.400 350.899 19.3147 8.7258 more
502.570 350.899 30.4307 8.7258 difficult
537.950 350.899 13.5328 8.7258 and

319.370 361.699 43.6540 8.7258 contentious
369.440 361.699 7.3128 8.7258 to
383.250 361.699 26.8638 8.7258 answer
416.630 361.699 11.4993 8.7258 via
434.730 361.699 42.7182 8.7258 text-match,
483.920 361.699 34.5919 8.7258 requiring
525.110 361.699 4.2001 8.7258 a
535.900 361.699 15.6038 8.7258 new

319.450 372.539 43.3620 8.7258 Knowledge
372.970 372.539 56.3351 8.7258 Representation
439.410 372.539 13.5382 8.7258 and
463.100 372.539 39.6705 8.7258 Reasoning
512.970 372.539 38.6379 8.7258 formalism

319.250 383.299 28.9313 8.7258 capable
351.430 383.299 7.8413 8.7258 of
362.340 383.299 35.6672 8.7258 capturing
401.350 383.299 34.8302 8.7258 complex,
439.280 383.299 22.5553 8.7258 subtle
465.090 383.299 41.3830 8.7258 knowledge
509.490 383.299 31.4384 8.7258 encoded
544.180 383.299 7.3134 8.7258 in

319.390 394.239 11.6130 8.7258 the
335.650 394.239 33.9059 8.7258 Classical
374.110 394.239 27.9851 8.7258 Arabic,
406.780 394.239 13.5328 8.7258 and
424.890 394.239 42.8523 8.7258 inferencing
472.410 394.239 7.3134 8.7258 in
484.290 394.239 15.6038 8.7258 new
504.570 394.239 19.4115 8.7258 ways
528.570 394.239 22.9591 8.7258 which

319.380 405.049 24.1303 8.7258 mirror
345.800 405.049 11.4930 8.7258 the
359.600 405.049 70.0668 8.7258 thousand-year-old
432.090 405.049 35.5936 8.7258 traditions
469.890 405.049 7.9613 8.7258 of
479.970 405.049 34.7002 8.7258 scholarly
516.960 405.049 32.8169 8.7258 analysis.

344.640 426.719 9.3014 8.7258 In
356.960 426.719 35.8890 8.7258 principle,
395.830 426.719 42.4741 8.7258 researchers
441.310 426.719 13.0904 8.7258 can
457.410 426.719 12.5848 8.7258 use
472.990 426.719 13.4638 8.7258 any
489.610 426.719 18.7063 8.7258 book
511.440 426.719 7.8703 8.7258 as
522.360 426.719 29.1631 8.7258 training

319.310 437.419 15.8089 8.7258 data
338.110 437.419 11.0343 8.7258 for
352.090 437.419 43.3620 8.7258 Knowledge
398.540 437.419 39.0543 8.7258 Extraction
440.710 437.419 33.9315 8.7258 research.
480.390 437.419 36.9148 8.7258 However,
520.300 437.419 11.4929 8.7258 the
534.820 437.419 16.6802 8.7258 holy

319.570 448.259 27.4317 8.7258 Qur'an,
351.970 448.259 25.7716 8.7258 Hadith
382.530 448.259 13.5328 8.7258 and
399.610 448.259 29.2305 8.7258 Islamic
433.670 448.259 22.4974 8.7258 books
461.260 448.259 11.3736 8.7258 are
477.680 448.259 26.0503 8.7258 special
508.520 448.259 18.8118 8.7258 case.
532.240 448.259 19.2646 8.7258 They

319.260 459.179 20.0330 8.7258 stand
342.550 459.179 12.1189 8.7258 out
358.050 459.179 7.8703 8.7258 as
369.210 459.179 11.6130 8.7258 the
383.960 459.179 24.5967 8.7258 source
411.930 459.179 7.8413 8.7258 of
423.110 459.179 4.2000 8.7258 a
430.540 459.179 18.9495 8.7258 large
452.730 459.179 37.1003 8.7258 collection
493.190 459.179 7.8413 8.7258 of
504.450 459.179 30.4687 8.7258 analysis
538.060 459.179 13.4506 8.7258 and

319.390 469.849 50.7535 8.7258 interpretation
374.720 469.849 20.1571 8.7258 texts,
399.430 469.849 23.0791 8.7258 which
427.030 469.849 20.8900 8.7258 could
452.620 469.849 28.8961 8.7258 provide
485.880 469.849 4.2000 8.7258 a
494.810 469.849 18.6519 8.7258 Gold
518.580 469.849 32.9300 8.7258 Standard

319.570 480.649 30.6455 8.7258 "ground
358.520 480.649 21.8877 8.7258 truth"
388.640 480.649 11.0343 8.7258 for
407.830 480.649 9.8284 8.7258 AI
417.740 480.649 34.9822 8.7258 (artificial
460.890 480.649 41.1933 8.7258 intelligent)
510.460 480.649 41.1222 8.7258 knowledge

319.380 491.569 37.8013 8.7258 extraction
362.130 491.569 13.5328 8.7258 and
380.720 491.569 41.2622 8.7258 knowledge
427.030 491.569 53.2930 8.7258 representation
485.360 491.569 48.4384 8.7258 experiments.
542.190 491.569 9.3014 8.7258 In

319.400 502.349 30.8135 8.7258 addition
353.820 502.349 42.3513 8.7258 researchers
399.670 502.349 18.3637 8.7258 must
421.500 502.349 44.5580 8.7258 cross-check
469.640 502.349 11.0343 8.7258 for
484.150 502.349 50.1832 8.7258 compatibility
538.020 502.349 13.4595 8.7258 and

319.250 513.179 44.0588 8.7258 consistency
369.660 513.179 16.7173 8.7258 with
392.830 513.179 41.3830 8.7258 knowledge
440.470 513.179 37.5610 8.7258 extraction
484.510 513.179 24.5838 8.7258 results
515.550 513.179 18.1690 8.7258 from
539.980 513.179 11.6129 8.7258 the

317.880 523.969 29.2288 8.7258 Islamic
354.180 523.969 27.5690 8.7258 corpus.

396.130 523.979 21.0485 8.7258 Some
424.140 523.979 54.1335 8.7258 computational
485.230 523.979 24.5838 8.7258 results
516.800 523.979 16.2111 8.7258 may
540.060 523.979 11.5313 8.7258 are

319.120 534.739 49.7159 8.7258 incompatible
372.060 534.739 16.8374 8.7258 with
392.470 534.739 29.3996 8.7258 specific
425.360 534.739 41.0542 8.7258 inferences,
469.880 534.739 23.1991 8.7258 which
496.640 534.739 14.6501 8.7258 will
515.010 534.739 17.1549 8.7258 shed
535.780 534.739 15.6038 8.7258 new

319.390 545.609 17.2735 8.7258 light
340.150 545.609 9.3567 8.7258 on
353.000 545.609 38.7503 8.7258 traditional
395.240 545.609 56.8275 8.7258 interpretations.
459.140 545.609 11.3332 8.7258 On
473.970 545.609 11.6130 8.7258 the
488.970 545.609 19.3170 8.7258 other
511.780 545.609 20.6438 8.7258 hand,
535.900 545.609 15.6038 8.7258 new

319.380 556.429 36.2112 8.7258 outcomes
358.740 556.429 16.2111 8.7258 may
378.180 556.429 29.7701 8.7258 resulted
411.380 556.429 18.1690 8.7258 from
432.810 556.429 19.5353 8.7258 these
455.480 556.429 48.2577 8.7258 experiments,
506.980 556.429 15.7921 8.7258 thus
525.950 556.429 25.5520 8.7258 adding

319.390 567.279 7.4328 8.7258 to
329.120 567.279 11.4930 8.7258 the
342.900 567.279 22.4512 8.7258 canon
367.640 567.279 38.0487 8.7258 ofIslamic
407.960 567.279 32.2391 8.7258 wisdom.

353.400 588.919 14.5652 8.7258 The
374.940 588.919 26.2746 8.7258 system
408.320 588.919 14.1465 8.7258 that
429.670 588.919 23.4001 8.7258 would
460.280 588.919 40.2041 8.7258 implement
507.700 588.919 8.9798 8.7258 an
522.260 588.919 29.2287 8.7258 Islamic

328.740 599.819 41.3830 8.7258 knowledge
374.580 599.819 18.2437 8.7258 must
397.420 599.819 8.8390 8.7258 be
410.820 599.819 28.3346 8.7258 reliable
443.630 599.819 29.7254 8.7258 because
477.810 599.819 5.2760 8.7258 it
487.770 599.819 14.6501 8.7258 will
506.890 599.819 8.9589 8.7258 be
520.310 599.819 17.2709 8.7258 used
542.180 599.819 9.3365 8.7258 by

328.770 610.649 28.2626 8.7258 billions
361.500 610.649 7.8413 8.7258 of
373.930 610.649 35.1182 8.7258 Muslims,
413.570 610.649 13.6905 8.7258 and
431.840 610.649 52.5172 8.7258 non-Muslims.
493.350 610.649 17.2187 8.7258 That
515.130 610.649 20.2846 8.7258 mean
539.990 610.649 11.4929 8.7258 the

328.760 621.499 30.3135 8.7258 answers
363.210 621.499 11.4936 8.7258 are
378.810 621.499 26.2327 8.7258 always
409.340 621.499 34.2088 8.7258 "correct"
447.800 621.499 7.3134 8.7258 in
459.450 621.499 14.1465 8.7258 that
477.820 621.499 16.1924 8.7258 they
498.110 621.499 11.4936 8.7258 are
513.800 621.499 37.6909 8.7258 consistent

328.740 632.359 16.8374 8.7258 with
348.090 632.359 13.5328 8.7258 and
364.390 632.359 37.0745 8.7258 supported
404.270 632.359 9.3365 8.7258 by
416.240 632.359 33.4707 8.7258 evidence
452.550 632.359 18.1690 8.7258 from
473.260 632.359 11.6130 8.7258 the
487.290 632.359 24.7167 8.7258 source
514.670 632.359 16.4366 8.7258 text,
533.750 632.359 17.9778 8.7258 have

328.760 643.139 4.2000 8.7258 a
335.020 643.139 51.2226 8.7258 demonstrable
388.260 643.139 20.4104 8.7258 chain
410.960 643.139 7.9613 8.7258 of
421.020 643.139 35.4409 8.7258 inference

72.3700 778.234 33.4600 6.4750 Authorized
107.776 778.234 25.6760 6.4750 licensed
135.398 778.234 11.2840 6.4750 use
148.628 778.234 20.2230 6.4750 limited
170.797 778.234 7.7840 6.4750 to:
180.527 778.234 50.1830 6.4750 Fernuniversitaet
232.656 778.234 22.5680 6.4750 Hagen.
257.170 778.234 38.9060 6.4750 Downloaded
298.022 778.234 7.7840 6.4750 on
307.752 778.234 32.2840 6.4750 November
341.982 778.234 25.2980 6.4750 16,2022
369.226 778.234 5.8380 6.4750 at
377.010 778.234 27.2440 6.4750 09:43:08
406.200 778.234 14.3850 6.4750 UTC
422.531 778.234 14.0000 6.4750 from
438.477 778.234 15.9530 6.4750 IEEE
456.376 778.234 22.1760 6.4750 Xplore.
482.444 778.234 36.5610 6.4750 Restrictions
520.951 778.234 18.6760 6.4750 apply.

12.1300 11.2936 46.5579 9.0936 Proceeding
61.1000 11.2936 13.8312 9.0936 3rd
76.9400 11.2936 53.4192 9.0936 International
132.590 11.2936 46.1916 9.0936 Coriference
181.350 11.2936 10.1142 9.0936 on
193.350 11.2936 30.3732 9.0936 ICT4M
225.030 11.6168 20.3982 8.1663 2010

116.640 52.7568 8.8191 8.1662 III
127.090 54.1607 39.7053 6.9015 SPECTRUM
168.760 54.1607 10.0578 6.9015 OF
180.620 54.1607 19.6849 6.9015 DATA,
203.030 54.1607 50.5756 6.9015 INFORMATION
255.380 54.1607 15.0353 6.9015 AND

153.610 63.0107 46.3250 6.9015 KNOWLEDGE

94.0800 80.8098 22.0099 8.7258 There
119.360 80.8098 11.4936 8.7258 are
134.240 80.8098 18.9375 8.7258 three
156.440 80.8098 29.9589 8.7258 theories
189.680 80.8098 7.8413 8.7258 of
200.850 80.8098 41.3830 8.7258 knowledge
245.380 80.8098 24.4346 8.7258 [2][3].
273.060 80.8098 19.7298 8.7258 First,

60.6700 91.6798 11.6129 8.7258 the
74.5500 91.6798 34.6386 8.7258 idealistic
111.440 91.6798 23.9956 8.7258 theory
138.200 91.6798 14.1460 8.7258 like
155.070 91.6798 19.3848 8.7258 Plato
177.000 91.6798 30.9045 8.7258 believes
210.580 91.6798 14.0265 8.7258 that
227.260 91.6798 41.3830 8.7258 knowledge
271.300 91.6798 14.6143 8.7258 was
288.610 91.6798 4.2000 8.7258 a

60.6700 102.419 31.4278 8.7258 function
94.5100 102.419 7.9613 8.7258 of
104.960 102.419 11.4930 8.7258 the
118.870 102.419 44.4232 8.7258 recollection
165.810 102.419 7.9612 8.7258 of
176.140 102.419 32.5987 8.7258 previous
211.060 102.419 46.9852 8.7258 infonnation.
263.210 102.419 29.5911 8.7258 Second,

60.6700 113.209 11.6129 8.7258 the
76.3800 113.209 46.5669 8.7258 materialistic
127.040 113.209 23.6916 8.7258 theory
155.240 113.209 14.1465 8.7258 that
173.630 113.209 30.7841 8.7258 believes
208.530 113.209 7.3134 8.7258 in
220.070 113.209 14.6016 8.7258 five
238.770 113.209 26.5996 8.7258 senses.
273.640 113.209 19.2646 8.7258 They

60.5300 124.009 32.0545 8.7258 consider
99.6600 124.009 20.3924 8.7258 sense
127.040 124.009 39.7123 8.7258 perception
173.860 124.009 7.8704 8.7258 as
188.740 124.009 11.6130 8.7258 the
207.330 124.009 24.7168 8.7258 source
238.900 124.009 7.9206 8.7258 or
253.780 124.009 24.2131 8.7258 means
284.990 124.009 7.9613 8.7258 of

60.6600 134.939 43.7494 8.7258 knowledge.
112.800 134.899 23.3505 8.7258 Third,
140.350 134.899 11.6130 8.7258 the
154.560 134.899 29.2287 8.7258 Islamic
188.000 134.899 24.1156 8.7258 theory
216.330 134.899 14.1465 8.7258 that
234.720 134.899 30.9045 8.7258 believes
269.860 134.899 7.3134 8.7258 in
281.390 134.899 11.6130 8.7258 the

60.5400 145.739 35.3903 8.7258 existence
98.8300 145.739 7.8413 8.7258 of
109.630 145.739 24.1231 8.7258 matter
136.660 145.739 7.8704 8.7258 as
147.560 145.739 16.2122 8.7258 well
166.790 145.739 7.8704 8.7258 as
177.450 145.739 18.5598 8.7258 soul.
201.640 145.739 10.9849 8.7258 By
215.630 145.739 16.5567 8.7258 that,
235.190 145.739 41.2622 8.7258 knowledge
279.480 145.739 6.3239 8.7258 is
288.740 145.739 4.2000 8.7258 a

60.6500 156.559 32.4468 8.7258 complex
95.8200 156.559 29.2949 8.7258 concept
127.900 156.559 13.4128 8.7258 and
144.090 156.559 5.2760 8.7258 it
152.010 156.559 6.3239 8.7258 is
161.010 156.559 12.1166 8.7258 not
175.770 156.559 16.6937 8.7258 easy
195.230 156.559 7.3128 8.7258 to
205.230 156.559 23.5751 8.7258 define
231.500 156.559 29.7253 8.7258 because
264.000 156.559 5.1560 8.7258 it
271.810 156.559 6.4439 8.7258 is
280.810 156.559 12.1166 8.7258 not

60.5400 167.269 22.2168 8.7258 easily
85.8700 167.269 44.1665 8.7258 understood,
132.910 167.269 39.5031 8.7258 perceived,
175.290 167.269 13.5328 8.7258 and
191.800 167.269 39.0393 8.7258 measured.
235.100 167.269 7.5040 8.7258 It
245.730 167.269 12.5606 8.7258 has
261.320 167.269 31.8286 8.7258 absolute

60.6700 178.129 20.1574 8.7258 truth,
83.8300 178.129 7.9206 8.7258 or
94.6400 178.129 26.7475 8.7258 ground
124.410 178.129 20.1574 8.7258 truth,
147.560 178.129 22.9591 8.7258 which
173.160 178.129 35.5991 8.7258 describes
211.300 178.129 11.7330 8.7258 the
225.930 178.129 14.5707 8.7258 rich
243.470 178.129 21.5522 8.7258 truths
267.950 178.129 7.8413 8.7258 of
278.740 178.129 14.1790 8.7258 real

60.6600 188.919 32.3972 8.7258 situation
95.4600 188.919 44.4971 8.7258 experiences
142.150 188.919 24.4370 8.7258 [4][5].

94.0800 199.819 36.7951 8.7258 However,
134.220 199.819 18.2443 8.7258 most
155.830 199.819 25.0618 8.7258 people
184.150 199.819 17.8578 8.7258 have
205.030 199.819 20.1543 8.7258 some
228.440 199.819 53.2851 8.7258 understanding
284.840 199.819 7.9613 8.7258 of

60.6600 210.649 18.3634 8.7258 what
82.4300 210.649 42.1470 8.7258 knowledge
127.880 210.649 8.8299 8.7258 is.
143.900 210.649 46.5177 8.7258 Knowledge,
193.163 210.649 47.9076 8.7258 infonnation,
244.310 210.649 13.6528 8.7258 and
261.860 210.649 15.6889 8.7258 data
281.280 210.649 11.6136 8.7258 are

60.6600 221.479 12.1166 8.7258 not
76.3500 221.479 60.1864 8.7258 interchangeable
139.980 221.479 35.3659 8.7258 concepts.
183.070 221.479 6.7385 8.7258 A
193.670 221.479 17.7771 8.7258 brief
215.230 221.479 44.0582 8.7258 comparison
263.130 221.479 7.9613 8.7258 of
274.940 221.479 18.0842 8.7258 data,

60.6700 232.399 46.8056 8.7258 infonnation,
110.250 232.399 13.6528 8.7258 and
126.800 232.399 41.2622 8.7258 knowledge
170.750 232.399 21.4476 8.7258 based
195.080 232.399 9.3567 8.7258 on
207.210 232.399 34.0716 8.7258 literature
244.070 232.399 11.6136 8.7258 are
258.210 232.399 34.6904 8.7258 tabulated

60.6700 243.279 7.3134 8.7258 in
70.4500 243.279 21.5367 8.7258 Table
94.5100 243.279 7.1599 8.7258 1.
107.780 243.279 7.2641 8.7258 It
117.450 243.279 23.6085 8.7258 shows
143.510 243.279 14.1466 8.7258 that
160.230 243.279 17.9642 8.7258 data,
180.710 243.279 7.3134 8.7258 in
190.650 243.279 13.4505 8.7258 and
206.760 243.279 7.8413 8.7258 of
217.090 243.279 18.8811 8.7258 itself
238.450 243.279 6.3239 8.7258 is
247.350 243.279 4.2001 8.7258 a
253.930 243.279 30.0229 8.7258 symbol,
286.580 243.279 6.3239 8.7258 is

60.6600 253.979 12.1189 8.7258 out
76.0300 253.979 7.8413 8.7258 of
87.0600 253.979 27.7283 8.7258 context
118.060 253.979 13.5328 8.7258 and
134.840 253.979 16.7174 8.7258 with
154.770 253.979 9.4815 8.7258 no
167.530 253.979 20.3531 8.7258 value
191.020 253.979 17.3930 8.7258 until
211.550 253.979 37.1932 8.7258 processed
251.990 253.979 14.6364 8.7258 into
269.930 253.979 22.8073 8.7258 useful

60.5500 264.799 24.6722 8.7258 forms.
87.8500 264.799 10.9849 8.7258 By
101.490 264.799 25.5521 8.7258 adding
129.790 264.799 34.6923 8.7258 meaning,
167.390 264.799 26.3803 8.7258 values,
196.300 264.799 13.6528 8.7258 and
212.600 264.799 36.2628 8.7258 searching
251.490 264.799 10.9143 8.7258 for
265.160 264.799 27.7283 8.7258 context

60.6700 275.539 7.4328 8.7258 to
71.8200 275.539 20.3919 8.7258 make
95.9400 275.539 20.5120 8.7258 sense
120.190 275.539 7.8413 8.7258 of
131.880 275.539 17.9642 8.7258 data,
153.570 275.539 13.6324 8.7258 this
170.950 275.539 27.8482 8.7258 context
202.520 275.539 26.6267 8.7258 reveals
232.900 275.539 11.6130 8.7258 the
248.130 275.539 33.1137 8.7258 structure
284.980 275.539 7.8006 8.7258 or

60.6500 286.349 44.4175 8.7258 relationship
114.610 286.349 10.7382 8.7258 (or
134.620 286.349 19.8047 8.7258 both)
163.760 286.349 14.0265 8.7258 that
187.040 286.349 36.2060 8.7258 organizes
232.410 286.349 11.6130 8.7258 the
253.210 286.349 15.6889 8.7258 data
278.130 286.349 14.7564 8.7258 into

60.6700 297.319 47.1052 8.7258 infonnation.
114.610 297.319 43.3620 8.7258 Knowledge
161.470 297.319 6.3239 8.7258 is
171.200 297.319 11.6130 8.7258 the
186.200 297.319 28.2857 8.7258 process
217.880 297.319 7.9612 8.7258 of
229.280 297.319 28.3366 8.7258 making
260.960 297.319 20.6324 8.7258 sense
284.970 297.319 7.9613 8.7258 of

60.6700 307.969 46.9852 8.7258 infonnation.
115.560 307.969 37.9766 8.7258 Examples
157.280 307.969 7.8413 8.7258 of
168.960 307.969 42.1470 8.7258 knowledge
214.900 307.969 11.3736 8.7258 are
230.160 307.969 29.8271 8.7258 patents,
263.840 307.969 28.9512 8.7258 recipes,

60.6700 318.889 35.8946 8.7258 fonnulas,
98.9500 318.889 46.2061 8.7258 instructions,
147.530 318.889 13.4505 8.7258 and
163.320 318.889 30.7414 8.7258 designs.
196.580 318.889 30.6510 8.7258 Without
229.530 318.889 11.4930 8.7258 the
243.370 318.889 39.1901 8.7258 dimension
284.850 318.889 7.9613 8.7258 of

60.3100 329.649 30.8124 8.7258 context,
95.3381 329.649 29.3010 8.7258 culture,
129.021 329.649 19.1985 8.7258 tacit,
152.970 329.649 13.5328 8.7258 and
171.570 329.649 19.0847 8.7258 time,
195.190 329.649 42.1470 8.7258 knowledge
242.010 329.649 14.6501 8.7258 will
261.730 329.649 8.8390 8.7258 be
275.630 329.649 17.2660 8.7258 little

60.6600 340.459 19.4347 8.7258 more
84.3200 340.459 16.3039 8.7258 than
104.840 340.459 46.9852 8.7258 infonnation.
160.350 340.459 21.0702 8.7258 Thus,
185.730 340.459 41.2622 8.7258 knowledge
231.220 340.459 12.6805 8.7258 has
248.140 340.459 19.3147 8.7258 more
271.800 340.459 7.4328 8.7258 to
283.360 340.459 9.4353 8.7258 do

60.5400 351.329 16.9574 8.7258 with
79.9900 351.329 16.0866 8.7258 who
98.4800 351.329 6.3239 8.7258 is
106.830 351.329 44.6369 8.7258 interpreting
153.570 351.329 11.4930 8.7258 the
167.140 351.329 45.0963 8.7258 information
214.600 351.329 20.0943 8.7258 (their
237.100 351.329 16.1966 8.7258 own
255.830 351.329 37.0444 8.7258 principles

60.6800 362.239 13.6528 8.7258 and
78.9400 362.239 27.0071 8.7258 values)
110.480 362.239 16.1839 8.7258 than
131.240 362.239 11.4930 8.7258 the
147.320 362.239 34.5454 8.7258 objective
186.330 362.239 44.3920 8.7258 infonnation
235.170 362.239 9.4767 8.7258 on
249.210 362.239 23.0791 8.7258 which
276.820 362.239 5.2760 8.7258 it
286.550 362.239 6.3239 8.7258 is

60.6900 372.859 23.9265 8.7258 based.

94.1800 393.810 7.0761 6.9015 IV
103.570 393.810 14.8800 6.9015 THE
120.020 393.810 46.4446 6.9015 KNOWLEDGE
167.790 393.810 41.1530 6.9015 DISCOVERY
210.070 393.810 32.0975 6.9015 PROCESS

94.2000 403.249 10.3850 8.7258 To
109.620 403.249 18.2472 8.7258 meet
132.800 403.249 11.4930 8.7258 the
149.230 403.249 49.3081 8.7258 requirements
203.250 403.249 7.9612 8.7258 of
216.100 403.249 18.2158 8.7258 huge
239.310 403.249 15.6889 8.7258 data
259.900 403.249 16.4565 8.7258 sets,
281.400 403.249 11.4930 8.7258 the

60.6500 414.059 31.3802 8.7258 research
95.7200 414.059 19.3970 8.7258 areas
118.630 414.059 7.8413 8.7258 of
130.160 414.059 41.3830 8.7258 knowledge
175.090 414.059 36.6810 8.7258 discovery
215.370 414.059 7.3134 8.7258 in
226.460 414.059 36.0467 8.7258 databases
266.200 414.059 26.6167 8.7258 (KDD)

60.6800 424.849 13.5328 8.7258 and
79.1900 424.849 15.8089 8.7258 data
99.7500 424.849 27.3215 8.7258 mining
131.720 424.849 17.8578 8.7258 have
154.050 424.849 33.2200 8.7258 emerged
191.970 424.849 7.3134 8.7258 in
204.340 424.849 11.4930 8.7258 the
220.560 424.849 23.7143 8.7258 recent
248.547 424.849 22.8542 8.7258 years,
275.901 424.849 17.1193 8.7258 with

60.1900 435.679 32.3717 8.7258 multiple
96.3400 435.679 22.4974 8.7258 books
122.960 435.679 33.0599 8.7258 [6][7][8]
160.180 435.679 13.5328 8.7258 and
177.620 435.679 38.0163 8.7258 numerous
218.991 435.679 25.2507 8.7258 papers
248.140 435.679 44.6613 8.7258 [9][10][11],

60.5400 446.509 29.0098 8.7258 surveys
94.2900 446.509 13.6528 8.7258 and
112.770 446.509 23.1169 8.7258 theses
140.730 446.509 31.5053 8.7258 [12][13]
176.860 446.509 7.3128 8.7258 to
189.090 446.509 30.8379 8.7258 mention
224.880 446.509 4.2001 8.7258 a
233.750 446.509 16.6278 8.7258 few.
255.290 446.509 21.2972 8.7258 Often
281.400 446.509 11.4930 8.7258 the

60.6700 457.339 20.9604 8.7258 tenns
88.6700 457.339 15.8089 8.7258 data
111.190 457.339 26.6540 8.7258 mining
144.890 457.339 13.4505 8.7258 and
165.320 457.339 41.5030 8.7258 knowledge
213.610 457.339 36.5610 8.7258 discovery
257.150 457.339 11.4936 8.7258 are
275.620 457.339 17.1509 8.7258 used

60.9800 468.139 61.9069 8.7258 interchangeably,
126.790 468.139 34.6875 8.7258 however,
164.950 468.139 7.3134 8.7258 in
175.880 468.139 11.4930 8.7258 the
190.870 468.139 18.8460 8.7258 strict
213.200 468.139 20.3924 8.7258 sense
237.260 468.139 15.6889 8.7258 data
256.420 468.139 26.7740 8.7258 mining
286.550 468.139 6.3239 8.7258 is

60.5400 478.949 13.7854 8.7258 one
77.2200 478.949 15.2475 8.7258 step
95.4700 478.949 7.3134 8.7258 in
105.800 478.949 11.4930 8.7258 the
120.260 478.949 20.2699 8.7258 KDD
143.490 478.949 30.4917 8.7258 process,
177.080 478.949 23.0791 8.7258 which
203.010 478.949 6.3239 8.7258 is
212.300 478.949 28.1415 8.7258 defined
243.480 478.949 7.8704 8.7258 as
254.270 478.949 28.2878 8.7258 follows
285.470 478.949 7.1934 8.7258 in

60.9500 489.769 12.4620 8.7258 [9]:
79.8100 489.769 43.4821 8.7258 Knowledge
128.970 489.769 35.6619 8.7258 discovery
170.480 489.769 7.3134 8.7258 in
183.620 489.769 35.1859 8.7258 databases
224.610 489.769 6.2039 8.7258 is
236.260 489.769 11.4930 8.7258 the
253.060 489.769 39.8362 8.7258 non-trivial

60.6700 500.539 28.2857 8.7258 process
97.6300 500.539 7.8413 8.7258 of
114.200 500.539 41.4012 8.7258 identifYing
164.240 500.539 23.1715 8.7258 novel,
196.170 500.539 40.1991 8.7258 potentially
245.130 500.539 25.3327 8.7258 useful,
279.230 500.539 13.5328 8.7258 and

60.6700 511.339 38.1689 8.7258 ultimately
102.200 511.339 57.1095 8.7258 understandable
162.690 511.339 29.7166 8.7258 patterns
195.810 511.339 7.3134 8.7258 in
206.660 511.339 18.0245 8.7258 data.
228.060 511.339 29.2631 8.7258 Figure1
260.620 511.339 20.0009 8.7258 gives
283.920 511.339 8.8598 8.7258 an

60.6600 522.259 35.0450 8.7258 overview
99.4300 522.259 9.4767 8.7258 on
112.640 522.259 11.4930 8.7258 the
127.940 522.259 20.3899 8.7258 KDD
151.890 522.259 28.2857 8.7258 process
183.920 522.259 22.9591 8.7258 which
210.680 522.259 38.2679 8.7258 comprises
252.600 522.259 14.6016 8.7258 five
270.820 522.259 22.0830 8.7258 major

60.5400 533.129 20.9423 8.7258 steps:

94.1400 543.859 7.2799 8.7258 1.
104.150 543.859 17.7352 8.7258 Data
125.290 543.859 37.0958 8.7258 Selection.
171.190 543.859 10.4099 8.7258 As
184.660 543.859 4.2001 8.7258 a
191.750 543.859 15.1000 8.7258 first
209.730 543.859 15.1274 8.7258 step
227.870 543.859 11.6130 8.7258 the
242.430 543.859 15.8089 8.7258 data
260.990 543.859 21.5664 8.7258 needs
285.480 543.859 7.4328 8.7258 to

60.6900 554.659 9.0789 8.7258 be
74.9300 554.659 33.6302 8.7258 carefully
113.460 554.659 33.8196 8.7258 selected.
152.660 554.659 34.5022 8.7258 Selection
192.270 554.659 27.5975 8.7258 criteria
224.487 554.659 28.4312 8.7258 include
258.090 554.659 13.6353 8.7258 e.g.
277.230 554.659 15.5689 8.7258 data

60.8400 565.459 44.1979 8.7258 availability,
112.970 565.459 28.4706 8.7258 quality,
149.000 565.459 18.4779 8.7258 type,
175.040 565.459 27.3680 8.7258 fonnat,
209.980 565.459 13.5328 8.7258 and
231.240 565.459 39.2502 8.7258 semantics.
278.320 565.459 14.5652 8.7258 The

60.5400 576.259 33.6079 8.7258 selection
97.5100 576.259 7.9613 8.7258 of
108.800 576.259 16.7033 8.7258 high
128.940 576.259 26.0662 8.7258 quality
158.410 576.259 15.5689 8.7258 data
177.200 576.259 47.7821 8.7258 semantically
228.320 576.259 53.7897 8.7258 corresponding
285.470 576.259 7.3128 8.7258 to

60.6700 587.269 11.7330 8.7258 the
78.7900 587.269 16.1989 8.7258 goal
101.470 587.269 7.9613 8.7258 of
115.880 587.269 11.7329 8.7258 the
134.040 587.269 36.4411 8.7258 discovery
177.090 587.269 28.2857 8.7258 process
212.010 587.269 6.3239 8.7258 is
224.730 587.269 32.5283 8.7258 essential
263.740 587.269 11.0343 8.7258 for
281.390 587.269 11.6130 8.7258 the

60.6700 598.169 36.6132 8.7258 following
99.5000 598.169 21.5299 8.7258 steps.

94.2200 608.939 7.0754 8.7258 2.
106.040 608.939 55.6655 8.7258 Preprocessing.
171.490 608.939 14.5651 8.7258 The
191.000 608.939 21.4712 8.7258 target
217.560 608.939 15.6889 8.7258 data
238.160 608.939 19.3208 8.7258 often
262.510 608.939 30.4688 8.7258 requires

60.6700 619.749 54.9092 8.7258 preprocessing.
128.050 619.749 30.5310 8.7258 Suitable
170.710 619.749 35.6114 8.7258 strategies
218.600 619.749 9.3567 8.7258 on
240.320 619.749 26.6641 8.7258 scaling
279.230 619.749 13.5328 8.7258 and

60.6600 630.579 52.3236 8.7258 normalization
115.380 630.579 7.9613 8.7258 of
125.830 630.579 11.6129 8.7258 the
139.870 630.579 29.7265 8.7258 features
172.050 630.579 13.6528 8.7258 and
188.230 630.579 35.6114 8.7258 strategies
226.170 630.579 7.4328 8.7258 to
236.010 630.579 25.1810 8.7258 handle
263.610 630.579 29.2975 8.7258 missing

60.5600 641.309 31.5284 8.7258 attribute
94.4200 641.309 24.0549 8.7258 values
120.790 641.309 17.7378 8.7258 have
140.960 641.309 7.3128 8.7258 to
150.590 641.309 8.9589 8.7258 be
161.840 641.309 30.2447 8.7258 selected
194.510 641.309 13.5328 8.7258 and
210.480 641.309 30.1756 8.7258 applied.

94.1300 652.249 7.2880 8.7258 3.
104.050 652.249 61.0949 8.7258 Transfonnation.
170.780 652.249 10.3850 8.7258 To
184.030 652.249 25.0832 8.7258 reduce
211.890 652.249 11.4930 8.7258 the
226.090 652.249 56.1182 8.7258 dimensionality
284.970 652.249 7.9613 8.7258 of

60.6700 663.039 11.6129 8.7258 the
75.6300 663.039 18.4850 8.7258 data,
97.5600 663.039 55.8791 8.7258 dimensionality
157.270 663.039 35.4101 8.7258 reduction
196.410 663.039 42.4839 8.7258 techniques,
242.600 663.039 23.0791 8.7258 which
269.300 663.039 23.5801 8.7258 derive

297.000 770.516 19.9587 8.1662 H-22

319.390 52.6398 45.4688 8.7257 transformed
368.340 52.6398 57.2209 8.7257 representations
428.720 52.6398 8.0813 8.7257 of
440.010 52.6398 11.6130 8.7257 the
455.010 52.6398 29.2812 8.7257 original
487.660 52.6398 32.3524 8.7257 features.
523.380 52.6398 28.2278 8.7257 Feature

319.260 63.4198 33.4879 8.7257 selection
355.400 63.4198 40.2785 8.7257 techniques
398.230 63.4198 25.0833 8.7257 reduce
425.730 63.4198 11.6130 8.7257 the
439.810 63.4198 55.9987 8.7257 dimensionality
498.360 63.4198 9.3365 8.7257 by
510.370 63.4198 41.0934 8.7257 identifYing

319.390 74.2198 29.9666 8.7258 features
354.660 74.2198 23.0791 8.7258 which
383.370 74.2198 11.4936 8.7258 are
400.520 74.2198 22.9190 8.7258 useful
429.090 74.2198 10.9143 8.7258 for
445.660 74.2198 11.4930 8.7258 the
462.580 74.2198 16.3189 8.7258 goal
484.420 74.2198 7.9613 8.7258 of
497.990 74.2198 11.4930 8.7258 the
514.950 74.2198 36.5611 8.7258 discovery

319.390 85.0098 30.7918 8.7258 process.

352.790 95.9398 7.2299 8.7258 4.
365.030 95.9398 17.7352 8.7258 Data
387.970 95.9398 30.2443 8.7258 Mining.
428.280 95.9398 41.2475 8.7258 Depending
474.440 95.9398 9.4767 8.7258 on
489.090 95.9398 11.4930 8.7258 the
505.650 95.9398 16.1989 8.7258 goal
527.010 95.9398 7.8412 8.7258 of
539.980 95.9398 11.4929 8.7258 the

319.430 106.739 36.5610 8.7258 discovery
358.760 106.739 30.6114 8.7258 process,
392.020 106.739 4.2000 8.7258 a
398.960 106.739 29.3972 8.7258 suitable
431.180 106.739 15.8089 8.7258 data
449.500 106.739 26.7740 8.7258 mining
479.030 106.739 28.1927 8.7258 method
510.000 106.739 6.3239 8.7258 is
519.000 106.739 32.8436 8.7258 selected.

319.450 117.539 14.6852 8.7258 The
336.960 117.539 31.5121 8.7258 decision
371.480 117.539 9.3567 8.7258 on
383.850 117.539 11.4930 8.7258 the
398.290 117.539 15.6889 8.7258 data
416.850 117.539 26.6540 8.7258 mining
446.520 117.539 36.5734 8.7258 algorithm
486.110 117.539 6.2039 8.7258 is
495.230 117.539 11.9966 8.7258 not
510.230 117.539 19.0980 8.7258 easy,
532.320 117.539 19.3118 8.7258 since

319.390 128.309 11.0343 8.7258 for
333.910 128.309 18.3643 8.7258 most
355.770 128.309 19.0364 8.7258 tasks
378.220 128.309 18.8179 8.7258 there
400.430 128.309 11.6136 8.7258 are
415.550 128.309 4.2000 8.7258 a
423.220 128.309 18.3358 8.7258 huge
445.100 128.309 26.0097 8.7258 variety
474.590 128.309 7.9613 8.7258 of
486.120 128.309 47.4706 8.7258 possibilities.
536.940 128.309 14.6852 8.7258 The

319.380 139.099 30.3651 8.7258 selected
356.610 139.099 36.5734 8.7258 algorithm
399.920 139.099 6.3239 8.7258 is
412.900 139.099 27.6969 8.7258 applied
447.330 139.099 9.4767 8.7258 on
463.660 139.099 11.6130 8.7258 the
482.020 139.099 49.1965 8.7258 preprocessed
537.960 139.099 13.5328 8.7258 and

319.390 149.959 45.4688 8.7258 transformed
367.310 149.959 18.1445 8.7258 data.
387.750 149.959 12.9973 8.7258 For
403.030 149.959 18.3643 8.7258 most
423.840 149.959 15.6889 8.7258 data
441.920 149.959 26.6540 8.7258 mining
470.870 149.959 40.2702 8.7258 algorithms
513.460 149.959 5.2761 8.7258 it
521.150 149.959 6.4439 8.7258 is
529.690 149.959 15.1117 8.7258 also
547.220 149.959 4.2001 8.7258 a

319.380 160.729 39.8362 8.7258 non-trivial
361.390 160.729 15.2455 8.7258 task
378.910 160.729 7.3128 8.7258 to
388.650 160.729 15.0867 8.7258 find
406.170 160.729 42.8105 8.7258 appropriate
451.280 160.729 37.6782 8.7258 parameter
491.110 160.729 31.3890 8.7258 settings.

355.390 171.649 7.2720 8.7258 5.
363.730 171.649 52.8607 8.7258 Interpretation
419.380 171.649 13.5328 8.7258 and
435.990 171.649 43.0898 8.7258 Evaluation.
484.600 171.649 14.5652 8.7258 The
502.050 171.649 24.7038 8.7258 results
529.430 171.649 7.9612 8.7258 of
540.120 171.649 11.4929 8.7258 the

328.790 182.389 15.6889 8.7258 data
347.470 182.389 26.6540 8.7258 mining
377.260 182.389 36.4534 8.7258 algorithm
416.870 182.389 11.4936 8.7258 are
431.400 182.389 33.4571 8.7258 analyzed
468.000 182.389 13.5328 8.7258 and
484.550 182.389 43.2702 8.7258 interpreted.
529.250 182.389 7.7859 8.7258 If
540.130 182.389 11.6129 8.7258 the

328.730 193.289 24.8237 8.7258 results
357.320 193.289 11.3717 8.7258 are
372.670 193.289 11.9966 8.7258 not
388.230 193.289 46.3060 8.7258 satisfactory,
438.210 193.289 18.8179 8.7258 there
461.000 193.289 16.0911 8.7258 may
481.080 193.289 8.8390 8.7258 be
493.900 193.289 11.4930 8.7258 the
509.260 193.289 17.7528 8.7258 need
530.990 193.289 7.1928 8.7258 to
542.150 193.289 9.4796 8.7258 go

328.770 204.179 17.7502 8.7258 back
350.100 204.179 13.5455 8.7258 one
367.270 204.179 8.0406 8.7258 or
378.790 204.179 19.3147 8.7258 more
401.710 204.179 21.4349 8.7258 steps.
428.660 204.179 9.3014 8.7258 In
441.690 204.179 16.4473 8.7258 fact,
461.740 204.179 11.6130 8.7258 the
477.040 204.179 20.1499 8.7258 KDD
500.870 204.179 28.4057 8.7258 process
532.790 204.179 6.4439 8.7258 is
542.770 204.179 8.7399 8.7258 an

328.750 214.979 30.9420 8.7258 iterative
367.730 214.979 29.7663 8.7258 process.

411.490 214.979 9.3014 8.7258 In
428.380 214.979 30.9338 8.7258 addition
467.020 214.979 7.3128 8.7258 to
482.290 214.979 25.3684 8.7258 feature
515.740 214.979 35.7815 8.7258 selection,

328.930 225.809 40.5129 8.7258 (belonging
373.160 225.809 7.3128 8.7258 to
384.210 225.809 11.6130 8.7258 the
399.450 225.809 55.4310 8.7258 transformation
458.480 225.809 20.9526 8.7258 step).
486.750 225.809 14.5652 8.7258 The
505.050 225.809 16.1951 8.7258 next
524.850 225.809 26.6426 8.7258 section

328.740 236.689 20.0009 8.7258 gives
353.000 236.689 8.8598 8.7258 an
366.310 236.689 35.0450 8.7258 overview
405.790 236.689 9.3567 8.7258 on
419.720 236.689 11.4930 8.7258 the
435.590 236.689 27.7722 8.7258 various
467.720 236.689 20.4795 8.7258 kinds
492.560 236.689 7.8413 8.7258 of
504.850 236.689 15.6889 8.7258 data
524.850 236.689 26.6540 8.7258 mining

328.740 247.499 34.3918 8.7258 methods.

327.610 267.859 27.2942 5.1058 SUPPol1ing

378.960 267.889 11.3249 5.1058 Data

433.450 267.849 29.1681 5.1058 InfomJation

504.730 267.869 26.5695 5.1058 Knowledge

327.850 277.449 26.8868 5.1058 LitCl'atul'es

325.980 286.086 10.7032 8.1663 [14]

366.360 287.577 23.1654 6.1380 symbols,

412.910 287.577 21.2561 6.1380 process,
435.940 287.577 24.1395 6.1380 informed

492.890 287.587 5.6106 6.1380 as
500.220 287.587 2.8737 6.1380 a
504.740 287.587 13.4373 6.1380 thing

366.170 295.117 24.0815 6.1380 numbers,

412.660 295.117 18.2669 6.1380 mental
432.600 295.117 13.3282 6.1380 state,
447.910 295.117 31.1333 6.1380 commodity,

366.270 302.747 5.6085 6.1380 or
373.390 302.747 26.7106 6.1380 characters

412.910 302.707 21.4913 6.1380 product,

412.830 310.297 5.4885 6.1380 or
420.180 310.297 13.5005 6.1380 thing

326.650 321.286 6.6760 8.1663 [4]

366.360 322.177 7.2688 6.1380 set
375.280 322.177 5.4126 6.1380 of

413.250 322.127 25.2681 6.1380 document
440.550 322.127 5.4885 6.1380 or
447.650 322.127 19.4581 6.1380 audible

492.890 322.087 2.8737 6.1380 a
497.890 322.087 12.1549 6.1380 fluid
511.670 322.087 10.2142 6.1380 mix
523.480 322.087 5.5326 6.1380 of

366.310 329.677 21.7806 6.1380 discrete,

412.830 329.677 5.4885 6.1380 or
420.090 329.677 17.7425 6.1380 visible

492.780 329.677 18.8250 6.1380 framed

366.270 337.387 24.2798 6.1380 objective

412.870 337.357 41.0820 6.1380 communication

492.660 337.357 30.2236 6.1380 experience,

366.180 344.907 12.5618 6.1380 facts
380.340 344.907 14.6563 6.1380 about

412.930 344.927 1.9809 6.1380 -
416.790 344.927 8.7534 6.1380 has
427.190 344.927 22.5804 6.1380 meaning
451.450 344.927 8.2236 6.1380 the

492.930 344.987 18.2736 6.1380 values,

366.220 352.477 16.8391 6.1380 events

412.810 352.477 28.3897 6.1380 "relevance
442.740 352.477 9.5934 6.1380 and
453.860 352.477 23.7633 6.1380 purpose"

492.910 352.477 27.5394 6.1380 contextual

366.370 360.097 2.0414 6.1380 -
370.210 360.097 26.2723 6.1380 structured

492.810 360.027 32.5468 6.1380 information,

366.180 367.597 19.5180 6.1380 records

412.930 367.667 1.9809 6.1380 -
416.810 367.667 11.0397 6.1380 data
429.440 367.667 23.0023 6.1380 becomes

492.890 367.597 9.5920 6.1380 and
504.110 367.597 16.3264 6.1380 expert
522.560 367.597 17.3852 6.1380 insight

366.270 375.167 5.5326 6.1380 of

412.900 375.147 31.0256 6.1380 information
445.680 375.147 14.2752 6.1380 when
461.630 375.147 6.1594 6.1380 its

492.900 375.217 10.0048 6.1380 that
504.590 375.217 22.7060 6.1380 provides
528.890 375.217 2.8737 6.1380 a

366.370 382.727 31.3191 6.1380 transactions

412.870 382.727 18.3273 6.1380 creator
432.890 382.727 12.0900 6.1380 adds
446.510 382.727 22.6985 6.1380 meaning

492.780 382.727 29.0169 6.1380 framework
523.380 382.727 7.8621 6.1380 for

366.340 390.257 5.0484 6.1380 in

412.740 390.277 6.7507 6.1380 by
421.130 390.277 17.8326 6.1380 adding
440.620 390.277 14.4928 6.1380 value

492.820 390.277 27.4970 6.1380 evaluating
522.050 390.277 9.5445 6.1380 and

366.130 397.847 36.1746 6.1380 organizationa

492.690 397.867 35.7825 6.1380 incorporating
530.090 397.867 10.9800 6.1380 new

366.490 405.257 1.6647 6.1380 I

492.820 405.417 31.3636 6.1380 experiences
525.770 405.417 9.4720 6.1380 and

366.310 413.137 19.4801 6.1380 context

492.810 413.057 31.2067 6.1380 infonnation

325.980 423.416 2.7036 8.1663 [
328.720 423.416 19.0511 8.1663 15][16]

366.300 424.907 18.1855 6.1380 record,
386.530 424.907 12.6680 6.1380 store

412.790 424.957 14.3358 6.1380 when
428.810 424.957 9.4726 6.1380 add
440.140 424.957 14.2528 6.1380 value
455.870 424.957 5.2938 6.1380 in

492.950 424.807 14.2752 6.1380 when
508.900 424.807 3.6938 6.1380 it
514.260 424.807 12.0896 6.1380 adds

366.290 432.397 9.5445 6.1380 and

412.920 432.397 13.8693 6.1380 some
428.640 432.397 10.7772 6.1380 way

492.690 432.427 19.4720 6.1380 insight,

366.220 439.917 23.1600 6.1380 maintain

492.890 440.007 28.7035 6.1380 abstractive
523.180 440.007 18.2736 6.1380 values,

366.130 447.517 24.7599 6.1380 attributes

492.890 447.517 9.5934 6.1380 and
503.970 447.517 15.3861 6.1380 better

492.780 455.107 37.3785 6.1380 understanding

325.980 461.806 10.7420 8.1663 [17]

366.360 463.257 21.9786 6.1380 symbols

412.850 463.127 2.8737 6.1380 a
417.850 463.127 21.6988 6.1380 function
441.160 463.127 5.4126 6.1380 of

492.960 463.177 1.9205 6.1380 .
496.900 463.177 8.8007 6.1380 has
507.420 463.177 11.4716 6.1380 both

366.180 470.797 24.4093 6.1380 represent

412.790 470.797 26.3325 6.1380 processed
440.560 470.797 5.5224 6.1380 or
447.730 470.797 26.4372 6.1380 structured

492.910 470.797 25.8055 6.1380 collective
520.250 470.797 9.5920 6.1380 and

366.030 478.387 20.6289 6.1380 objects,

412.870 478.347 10.8896 6.1380 data
425.150 478.347 28.5237 6.1380 containing
454.990 478.347 11.8118 6.1380 both
468.380 478.347 8.1015 6.1380 lhe

492.950 478.387 22.3539 6.1380 personal

366.220 485.917 16.8391 6.1380 events

412.870 485.917 11.1267 6.1380 data
425.570 485.917 9.5445 6.1380 and
436.670 485.917 6.1596 6.1380 its
444.550 485.917 31.1774 6.1380 relationship

492.910 485.917 31.9884 6.1380 components

366.290 493.487 16.7484 6.1380 and/or
384.690 493.487 12.3875 6.1380 their

412.930 493.557 1.9809 6.1380 -
416.880 493.557 19.9971 6.1380 provide
438.500 493.557 24.4496 6.1380 objective

492.960 493.477 1.9809 6.1380 -
496.900 493.477 8.8007 6.1380 has
507.310 493.477 11.2854 6.1380 tacit
520.260 493.477 9.4245 6.1380 and

366.230 501.037 26.4292 6.1380 properties

412.870 501.067 31.8686 6.1380 descriptions

492.820 501.037 19.9484 6.1380 explicit

366.370 508.687 2.0414 6.1380 .
370.120 508.687 8.4714 6.1380 out
380.320 508.687 5.4126 6.1380 of

412.930 508.667 2.0414 6.1380 -
416.840 508.667 19.3571 6.1380 content
437.810 508.667 21.6121 6.1380 oriented

492.890 508.657 16.6960 6.1380 nature

366.190 516.167 19.6000 6.1380 context

492.960 516.227 1.9809 6.1380 -
496.530 516.227 4.6062 6.1380 is
502.830 516.227 8.2041 6.1380 the
512.640 516.227 19.7076 6.1380 process
533.930 516.227 5.6526 6.1380 of

366.370 523.857 1.9809 6.1380 -
370.140 523.857 6.6417 6.1380 no
378.290 523.857 14.6171 6.1380 value

492.820 523.737 19.8185 6.1380 making
514.170 523.737 14.8960 6.1380 sense
530.320 523.737 5.5326 6.1380 of

366.300 531.397 12.2065 6.1380 until

492.610 531.377 31.6161 6.1380 information

366.230 538.957 26.1648 6.1380 processed

366.340 546.517 10.1902 6.1380 into

366.300 554.077 16.1479 6.1380 useful
384.190 554.077 15.1985 6.1380 fonns

325.980 560.546 10.7503 8.1662 [23]

366.730 562.007 21.9590 6.1380 Physical

413.290 562.849 1.0780 5.1058 I
415.150 561.997 1.8460 6.1380 t
418.670 561.997 4.4808 6.1380 is
424.740 561.997 2.8737 6.1380 a
429.330 561.997 28.7453 6.1380 constituent
459.730 561.997 20.8893 6.1380 element

493.210 562.147 24.9970 6.1380 Extracted

366.350 569.597 19.5876 6.1380 process

412.830 569.547 5.5326 6.1380 of
420.050 569.547 6.6972 6.1380 all
428.400 569.547 21.8734 6.1380 physical

492.690 569.677 31.3296 6.1380 information
525.540 569.677 12.8907 6.1380 from

412.790 577.117 25.4696 6.1380 processes
439.850 577.117 9.5920 6.1380 and
451.020 577.117 15.3770 6.1380 hence

492.880 577.267 11.0367 6.1380 data
505.630 577.267 20.4496 6.1380 through

412.870 584.797 17.5772 6.1380 cannot
432.260 584.797 17.9105 6.1380 treated
451.740 584.797 5.4906 6.1380 as

493.210 584.797 23.8297 6.1380 Effective

412.920 592.627 27.2417 6.1380 something
441.950 592.627 40.3473 6.1380 epiphenomenal

492.910 592.627 24.5969 6.1380 cognitive

412.800 600.257 5.2445 6.1380 to
419.700 600.257 8.0478 6.1380 the

493.090 600.187 24.6040 6.1380 strategies

412.780 607.717 25.8151 6.1380 economic
440.150 607.717 21.0169 6.1380 process.
463.690 607.717 3.4809 6.1380 It
468.830 607.717 12.7459 6.1380 must

412.740 615.197 6.3680 6.1380 be
420.820 615.197 21.9726 6.1380 engaged
444.460 615.197 5.1738 6.1380 in
451.240 615.197 6.5535 6.1380 on
459.470 615.197 6.1625 6.1380 its
467.330 615.197 11.3529 6.1380 own

412.660 622.847 14.9635 6.1380 tenns

337.910 643.959 23.2126 6.8008 Tablel:
362.890 643.921 5.2218 6.7932 A
370.090 643.959 14.3375 6.8008 brief
385.820 643.959 36.0127 6.8008 comparison
423.310 643.959 6.3696 6.8008 of
431.340 643.959 14.5342 6.8008 data,
447.810 643.959 37.4333 6.8008 information,
487.230 643.959 10.6435 6.8008 and
499.810 643.959 32.9304 6.8008 knowledge

72.3700 778.234 33.4600 6.4750 Authorized
107.776 778.234 25.6760 6.4750 licensed
135.398 778.234 11.2840 6.4750 use
148.628 778.234 20.2230 6.4750 limited
170.797 778.234 7.7840 6.4750 to:
180.527 778.234 50.1830 6.4750 Fernuniversitaet
232.656 778.234 22.5680 6.4750 Hagen.
257.170 778.234 38.9060 6.4750 Downloaded
298.022 778.234 7.7840 6.4750 on
307.752 778.234 32.2840 6.4750 November
341.982 778.234 25.2980 6.4750 16,2022
369.226 778.234 5.8380 6.4750 at
377.010 778.234 27.2440 6.4750 09:43:08
406.200 778.234 14.3850 6.4750 UTC
422.531 778.234 14.0000 6.4750 from
438.477 778.234 15.9530 6.4750 IEEE
456.376 778.234 22.1760 6.4750 Xplore.
482.444 778.234 36.5610 6.4750 Restrictions
520.951 778.234 18.6760 6.4750 apply.

11.4100 10.4036 46.5579 9.0936 Proceeding
60.3800 10.4036 13.8312 9.0936 3rd
76.2200 10.4036 53.4192 9.0936 International
131.990 10.4036 46.0656 9.0936 Conference
180.630 10.4036 9.9942 9.0936 on
192.630 10.4036 30.2532 9.0936 ICT4M
224.310 10.7268 20.2762 8.1663 2010

89.2800 169.601 24.7195 6.7932 Figure!:
116.520 169.601 29.8857 6.7932 Overview
148.110 169.601 7.3002 6.7932 of
156.330 169.601 9.0150 6.7932 the
167.220 169.601 15.1678 6.7932 steps
184.390 169.601 35.4613 6.7932 constituting
221.860 169.601 9.0150 6.7932 the
232.950 169.601 15.9060 6.7932 KDD
250.990 169.601 22.5846 6.7932 process

94.3100 189.410 4.5473 6.9015 V
102.130 189.410 20.6351 6.9015 DATA
124.860 189.410 26.3903 6.9015 MINING
153.200 189.410 46.1100 6.9015 TECHNIQUES

77.5500 204.299 2.4466 8.7258 .

94.0200 199.169 10.5300 8.7258 As
107.970 199.169 4.2001 8.7258 a
115.380 199.169 18.9814 8.7258 cruci

132.760 204.303 2.4466 8.7258 .

134.380 199.169 6.7048 8.7258 al
144.560 199.169 15.1274 8.7258 step
162.930 199.169 8.0812 8.7258 of
174.340 199.169 11.6130 8.7258 the
189.400 199.169 20.3899 8.7258 KDD
213.110 199.169 30.4917 8.7258 process,
246.990 199.169 15.8089 8.7258 data
266.150 199.169 26.6540 8.7258 mining

60.6500 209.929 30.4696 8.7258 reqUIres
95.3500 209.929 11.4930 8.7258 the
111.060 209.929 33.4878 8.7258 selectIOn
148.870 209.929 7.8413 8.7258 of
161.010 209.929 4.2001 8.7258 a
169.390 209.929 29.2768 8.7258 suitable
203.050 209.929 15.6889 8.7258 data
222.930 209.929 26.6540 8.7258 mining
253.920 209.929 39.1755 8.7258 algorithm.

60.7300 220.699 14.6851 8.7258 The
79.6300 220.699 16.4389 8.7258 goal
100.030 220.699 7.9613 8.7258 of
112.400 220.699 11.4930 8.7258 the
128.160 220.699 36.6810 8.7258 discovery
169.170 220.699 30.6713 8.7258 process.
208.610 220.699 38.5756 8.7258 Following
251.510 220.699 4.2001 8.7258 a
260.000 220.699 32.8968 8.7258 common

60.5300 231.539 60.2583 8.7258 characterization
124.150 231.539 11.0979 8.7258 [8]
138.320 231.539 11.6130 8.7258 the
153.120 231.539 27.1805 8.7258 diverse
183.600 231.539 15.6889 8.7258 data
202.520 231.539 26.7740 8.7258 mining
232.410 231.539 32.0061 8.7258 methods
267.560 231.539 13.0904 8.7258 can
284.050 231.539 8.8390 8.7258 be

60.5300 242.329 43.4501 8.7258 categorized
106.410 242.329 7.8704 8.7258 as
116.600 242.329 30.1809 8.7258 follows:

101.280 253.520 44.6413 8.5281 Clustering:
150.620 253.289 17.0661 8.7258 Find
171.680 253.289 4.2001 8.7258 a
179.710 253.289 43.9204 8.7258 partitioning
227.470 253.289 7.8413 8.7258 of
239.120 253.289 11.6130 8.7258 the
254.480 253.289 26.8486 8.7258 objects
284.960 253.289 7.8413 8.7258 of

60.6700 263.909 11.6317 8.7258 te
74.5600 269.126 2.4466 8.7258 .

76.9300 263.909 15.7001 8.7258 daa
97.4100 263.909 14.2508 8.7258 sets
116.380 263.909 14.7564 8.7258 into
133.510 269.097 2.4466 8.7258 .

135.830 263.909 17.1520 8.7258 groU
152.990 266.726 4.8513 8.7258 ?
157.841 263.909 3.3818 8.7258 S
166.260 263.909 35.0256 8.7258 (clusters)
206.160 263.909 20.8728 8.7258 while
231.730 263.909 44.8973 8.7258 maximizing
281.430 263.909 11.6130 8.7258 the

60.5400 274.819 35.9532 8.7258 slmllanty
99.3100 274.819 8.0812 8.7258 of
109.880 274.819 11.4930 8.7258 the
123.920 274.819 26.7364 8.7258 objects
153.200 274.819 7.3241 8.7258 In
163.190 274.819 4.2001 8.7258 a
169.880 274.819 33.1368 8.7258 common
205.400 274.819 25.2185 8.7258 cluster
233.280 274.819 13.5328 8.7258 and
249.300 274.819 43.7872 8.7258 minimizing

60.6700 285.639 11.6129 8.7258 the
74.4600 285.639 36.1367 8.7258 similarity
112.990 285.639 7.8413 8.7258 of
123.080 285.639 11.7329 8.7258 the
137.000 285.639 26.7286 8.7258 objects
165.930 285.639 7.4334 8.7258 in
175.700 285.639 32.3545 8.7258 different
210.150 285.639 31.6389 8.7258 clusters.

101.890 296.680 29.3359 8.5281 Outlier
135.980 296.680 39.9551 8.5281 Detection:
181.240 296.449 17.0661 8.7258 Find
202.760 296.449 26.9686 8.7258 objects
234.210 296.449 7.1934 8.7258 in
246.100 296.449 11.6130 8.7258 the
262.220 296.449 15.6889 8.7258 data
282.330 296.449 10.5654 8.7258 set

60.6600 307.309 23.0791 8.7258 which
87.3300 307.309 11.4936 8.7258 are
102.190 307.309 45.7379 8.7258 exceptional,
151.520 307.309 5.1091 8.7258 i.
160.040 307.309 6.5584 8.7258 e.
170.000 307.309 23.1991 8.7258 which
196.580 307.309 9.4353 8.7258 do
209.500 307.309 12.1166 8.7258 not
225.090 307.309 41.8915 8.7258 correspond
270.480 307.309 7.3128 8.7258 to
281.410 307.309 11.4930 8.7258 the

60.6600 318.089 27.7232 8.7258 general
90.7700 318.089 53.8700 8.7258 characteristics
146.830 318.089 7.9206 8.7258 or
157.150 318.089 23.5260 8.7258 model
182.840 318.089 8.0812 8.7258 of
193.170 318.089 11.4930 8.7258 the
207.010 318.089 18.1445 8.7258 data.

101.400 329.210 56.4001 8.5281 Classification:
162.370 328.979 21.9658 8.7258 Learn
188.250 328.979 4.2001 8.7258 a
196.400 328.979 33.7206 8.7258 function,
234.080 328.979 23.5260 8.7258 model
261.450 328.979 8.0406 8.7258 or
273.460 328.979 19.4370 8.7258 other

60.7800 339.809 7.3146 8.7258 m
72.2000 339.809 16.7773 8.7258 thod
93.2000 339.809 18.2295 8.7258 from
115.420 339.809 4.2001 8.7258 a
123.800 339.809 23.5288 8.7258 subset
151.530 339.809 7.8413 8.7258 of
163.420 339.809 11.4930 8.7258 the
178.940 339.809 15.9289 8.7258 data
198.820 339.809 26.7286 8.7258 objects
229.670 339.809 7.3128 8.7258 to
241.200 339.809 23.3782 8.7258 assign
268.810 339.809 4.2000 8.7258 a
277.120 339.809 15.6889 8.7258 data

60.6600 350.539 23.0512 8.7258 object
89.8300 350.539 7.1928 8.7258 to
103.270 350.539 13.6655 8.7258 one
122.840 350.539 7.9613 8.7258 of
136.880 350.539 26.7713 8.7258 several
169.780 350.539 40.1840 8.7258 predefined
216.200 350.539 26.1506 8.7258 classes
248.490 350.539 44.2825 8.7258 Association

60.7800 361.369 34.8640 8.7258 Analysis:
99.0300 361.369 17.0661 8.7258 Find
118.630 361.369 27.3342 8.7258 subsets
148.400 361.369 8.0812 8.7258 of
159.090 361.369 11.6130 8.7258 the
173.140 361.369 34.9898 8.7258 attributes
210.690 361.369 7.9206 8.7258 or
221.250 361.369 27.2142 8.7258 subsets
251.020 361.369 7.8413 8.7258 of
261.480 361.369 31.4083 8.7258 attribute

60.7700 372.139 24.5794 8.7258 ranges
87.7800 372.139 23.0791 8.7258 which
113.470 372.139 20.8851 8.7258 occur
137.000 372.139 38.6459 8.7258 frequently
178.290 372.139 30.8245 8.7258 together
211.770 372.139 7.3134 8.7258 in
221.740 372.139 11.4930 8.7258 the
235.820 372.139 15.8089 8.7258 data
254.010 372.139 10.6854 8.7258 set
267.400 372.139 25.3822 8.7258 (called

60.7900 382.979 31.3190 8.7258 frequent
95.3500 382.979 16.7890 8.7258 item
115.270 382.979 19.7548 8.7258 sets).
141.480 382.979 25.6263 8.7258 Derive
170.240 382.979 8.5286 8.7258 so
182.000 382.979 22.4572 8.7258 called
207.840 382.979 41.8630 8.7258 association
252.940 382.979 18.4654 8.7258 rules
274.740 382.979 18.1690 8.7258 from

60.7900 393.739 11.4929 8.7258 the
79.3900 393.739 31.3190 8.7258 frequent
117.790 393.739 16.7890 8.7258 item
141.670 393.739 16.7567 8.7258 sets.
165.380 393.739 14.5651 8.7258 The
186.770 393.739 42.4400 8.7258 association
235.990 393.739 18.4654 8.7258 rules
261.370 393.739 31.7529 8.7258 describe

60.7700 404.739 32.8968 8.7258 common
96.0800 404.739 37.6427 8.7258 properties
136.040 404.739 7.8413 8.7258 of
146.250 404.739 11.4930 8.7258 the
159.930 404.739 18.3605 8.7258 data.

105.720 415.750 39.0522 8.5281 Evolution
152.890 415.750 36.0022 8.5281 Analysis:
197.640 415.519 34.0396 8.7258 Discover
239.620 415.519 13.6528 8.7258 and
261.310 415.519 31.7529 8.7258 describe

60.7700 426.299 19.3338 8.7258 regul
84.3000 426.299 18.8196 8.7258 rities
106.280 426.299 8.0406 8.7258 or
117.450 426.299 22.9962 8.7258 trends
143.730 426.299 11.0343 8.7258 for
158.010 426.299 26.7286 8.7258 objects
188.010 426.299 16.5974 8.7258 with
207.950 426.299 37.6495 8.7258 properties
248.880 426.299 14.1465 8.7258 that
266.260 426.299 26.6334 8.7258 change

60.7800 437.069 16.6793 8.7258 over
79.8700 437.069 19.1481 8.7258 time.

113.700 448.120 68.6738 8.5281 Characterization

198.540 448.160 15.1039 8.5281 and

230.038 448.160 62.1764 8.5281 Discrimination:

61.2100 458.659 42.4150 8.7258 Summarize
107.230 458.659 27.7232 8.7258 general
138.560 458.659 37.7692 8.7258 properties
179.840 458.659 7.9612 8.7258 of
191.490 458.659 11.4930 8.7258 the
206.650 458.659 15.6889 8.7258 data
225.800 458.659 10.5654 8.7258 set
240.090 458.659 7.8006 8.7258 or
251.490 458.659 7.9612 8.7258 of
263.150 458.659 4.2000 8.7258 a
270.930 458.659 10.4454 8.7258 set
284.980 458.659 7.9613 8.7258 of

60.3500 469.659 30.7205 8.7258 features
93.2500 469.659 68.5354 8.7258 (characterization).
169.150 469.659 34.9753 8.7258 Compare
205.886 469.659 33.2589 8.7258 different
240.897 469.659 27.9697 8.7258 subsets
270.930 469.659 7.8413 8.7258 of
281.260 469.659 11.6130 8.7258 the

60.7100 480.409 15.8089 8.7258 data
78.8000 480.409 7.1928 8.7258 to
88.4000 480.409 19.3169 8.7258 other
110.000 480.409 27.3342 8.7258 subsets
139.460 480.409 63.5033 8.7258 (discrimination).

92.1000 501.769 9.5459 6.8009 VI
107.530 501.731 10.0290 6.7932 AL
119.370 501.731 28.9283 6.7932 HAD!TH
150.260 501.731 9.6780 6.7932 AS
161.790 501.731 47.8396 6.7932 KNOWLEDGE
211.690 501.731 43.4832 6.7932 RESOURCSE

94.0800 510.689 22.0099 8.7258 There
122.720 510.689 11.3736 8.7258 are
140.700 510.689 26.7713 8.7258 several
174.090 510.689 27.3112 8.7258 aspects
207.810 510.689 14.1465 8.7258 that
228.430 510.689 13.2134 8.7258 can
248.290 510.689 19.2579 8.7258 drive
274.190 510.689 7.8703 8.7258 as
288.710 510.689 4.2000 8.7258 a

60.6600 521.489 41.5030 8.7258 knowledge
104.950 521.489 18.2295 8.7258 form
126.090 521.489 32.8109 8.7258 alhadith.
167.800 521.489 12.8774 8.7258 For
183.690 521.489 30.8639 8.7258 instance
217.420 521.489 17.2660 8.7258 term
237.580 521.489 38.9870 8.7258 legislative
279.310 521.489 13.4595 8.7258 and

60.6800 532.259 57.2365 8.7258 jurisprudential,
124.410 532.259 23.0622 8.7258 alsyrh
153.910 532.259 36.6274 8.7258 Alnabwia
197.060 532.259 37.1047 8.7258 (prophet's
240.560 532.259 18.1305 8.7258 life),
263.540 532.259 29.3457 8.7258 Islamic

60.6600 543.229 29.4751 8.7258 military
92.8600 543.229 21.1066 8.7258 basis,
116.420 543.229 25.6516 8.7258 Hadith
144.050 543.229 50.0909 8.7258 classification
196.730 543.229 8.6261 8.7258 ...
205.760 543.229 13.3983 8.7258 etc.

94.2000 553.909 28.6180 8.7258 Current
126.900 553.909 20.5249 8.7258 study
151.530 553.909 32.1052 8.7258 attempts
187.770 553.909 7.3128 8.7258 to
199.150 553.909 46.6849 8.7258 computerize
250.100 553.909 42.5078 8.7258 AI-Ahadith

60.6700 564.739 7.4328 8.7258 to
70.8500 564.739 28.5212 8.7258 classifY
102.680 564.739 18.7001 8.7258 them
124.280 564.739 14.7564 8.7258 into
141.930 564.739 17.2676 8.7258 their
161.950 564.739 46.0489 8.7258 categorized.
211.230 564.739 20.9284 8.7258 Some
235.170 564.739 7.8413 8.7258 of
245.980 564.739 11.6130 8.7258 the
260.380 564.739 32.3586 8.7258 previous

60.6600 575.539 26.2485 8.7258 studies
91.8600 575.539 18.2375 8.7258 were
115.140 575.539 38.6442 8.7258 conducted
158.760 575.539 32.4749 8.7258 different
196.300 575.539 42.3130 8.7258 approaches
243.460 575.539 7.3128 8.7258 to
255.810 575.539 20.4544 8.7258 reach
281.270 575.539 11.4930 8.7258 the

60.6600 586.339 19.3130 8.7258 same
83.5900 586.339 16.3189 8.7258 goal
103.270 586.339 7.8413 8.7258 of
114.560 586.339 13.6324 8.7258 this
131.710 586.339 22.9894 8.7258 study.
161.780 586.339 44.2527 8.7258 Ghazizadeh
209.660 586.336 7.0123 8.1662 et
219.910 586.013 8.4738 9.0936 al.
233.130 586.339 7.1934 8.7258 in
243.940 586.339 15.8995 8.7258 [18]
263.260 586.339 17.0309 8.7258 used
283.800 586.339 8.9798 8.7258 an

60.6600 597.139 23.5496 8.7258 expert
86.5500 597.139 26.7046 8.7258 system
115.390 597.139 32.7587 8.7258 software
150.690 597.139 7.3128 8.7258 to
160.200 597.139 41.1024 8.7258 implement
203.380 597.139 11.6130 8.7258 the
217.600 597.139 20.5200 8.7258 fuzzy
240.940 597.139 26.2746 8.7258 system
269.580 597.139 23.3694 8.7258 where

60.6700 608.089 11.6129 8.7258 the
75.1100 608.089 15.8089 8.7258 data
93.2300 608.089 42.0126 8.7258 knowledge
137.740 608.089 16.8815 8.7258 base
157.280 608.089 12.6805 8.7258 has
172.670 608.089 17.8519 8.7258 been
192.890 608.089 34.1767 8.7258 designed
229.540 608.089 13.5328 8.7258 and
245.980 608.089 11.6130 8.7258 the
260.370 608.089 32.4083 8.7258 essential

60.6500 618.889 18.4654 8.7258 rules
81.9100 618.889 17.9778 8.7258 have
102.580 618.889 17.6119 8.7258 been
123.070 618.889 34.5585 8.7258 extracted
160.530 618.889 7.3128 8.7258 to
170.650 618.889 37.7422 8.7258 determine
211.300 618.889 11.4930 8.7258 the
225.690 618.889 14.1604 8.7258 rate
242.750 618.889 7.8413 8.7258 of
253.470 618.889 28.3473 8.7258 validity
285.000 618.889 7.9613 8.7258 of

60.4400 629.689 28.5876 8.7258 Hadith,
91.1500 629.689 14.0327 8.7258 two
107.210 629.689 36.0265 8.7258 inference
144.847 629.689 29.4810 8.7258 engines
176.360 629.689 17.8578 8.7258 have
196.690 629.689 18.1764 8.7258 done
217.420 629.689 7.1928 8.7258 to
227.140 629.689 11.5164 8.7258 get
241.180 629.689 11.9989 8.7258 out
255.590 629.689 11.4930 8.7258 the
269.620 629.689 23.3690 8.7258 result.

60.7300 640.459 14.8051 8.7258 The
78.9100 640.459 24.2345 8.7258 output
106.880 640.459 7.8413 8.7258 of
118.530 640.459 11.4930 8.7258 the
133.790 640.459 15.1000 8.7258 first
152.730 640.459 25.0662 8.7258 engine
181.540 640.459 6.2039 8.7258 is
191.630 640.459 11.4930 8.7258 the
206.930 640.459 19.7502 8.7258 Rank
230.270 640.459 8.0812 8.7258 of
241.910 640.459 17.4451 8.7258 each
263.180 640.459 29.7327 8.7258 narrator

60.5600 651.259 13.6528 8.7258 and
77.5900 651.259 5.2760 8.7258 it
86.1100 651.259 14.6501 8.7258 will
103.910 651.259 8.9590 8.7258 be
116.100 651.259 8.7776 8.7258 an
128.250 651.259 19.3120 8.7258 input
150.820 651.259 11.0343 8.7258 for
165.110 651.259 11.4930 8.7258 the
179.860 651.259 26.1585 8.7258 second
209.270 651.259 35.0272 8.7258 inference
247.430 651.259 27.6729 8.7258 engine.
278.340 651.259 14.6852 8.7258 The

60.6600 662.029 24.1146 8.7258 output
87.9000 662.029 7.9613 8.7258 of
99.0700 662.029 11.4930 8.7258 the
113.580 662.029 26.2785 8.7258 second
142.980 662.029 25.1862 8.7258 engine
171.430 662.029 6.2039 8.7258 is
180.980 662.029 25.5316 8.7258 Hadith
209.470 662.029 38.0898 8.7258 validation
250.630 662.029 16.5270 8.7258 rate.
273.390 662.029 19.3846 8.7258 They

296.890 770.486 19.6761 8.1662 H-23

319.430 52.6098 23.5731 8.7257 divide
346.400 52.6098 17.2676 8.7257 their
367.150 52.6098 26.1546 8.7257 system
396.800 52.6098 7.1934 8.7257 in
407.590 52.6098 18.3454 8.7257 rules
429.210 52.6098 7.3134 8.7257 in
440.020 52.6098 14.1527 8.7257 two
457.690 52.6098 24.5422 8.7257 blokes
485.710 52.6098 19.5960 8.7257 .First
508.780 52.6098 14.6441 8.7257 rule
526.950 52.6098 24.6622 8.7257 blokes

319.390 63.4198 20.6029 8.7257 focus
345.190 63.4198 9.3567 8.7257 on
359.840 63.4198 11.4930 8.7257 the
376.640 63.4198 31.9173 8.7257 personal
413.700 63.4198 54.1108 8.7257 characteristics
473.000 63.4198 7.8413 8.7257 of
486.090 63.4198 29.7649 8.7257 narrator
521.030 63.4198 13.7728 8.7257 and
540.110 63.4198 11.4929 8.7257 the

319.380 74.1698 26.1585 8.7258 second
352.020 74.1698 14.5241 8.7258 rule
373.070 74.1698 24.6629 8.7258 blocks
404.230 74.1698 43.3223 8.7258 concentrate
453.810 74.1698 9.5967 8.7258 on
469.960 74.1698 28.0862 8.7258 Hadith.
504.410 74.1698 20.3396 8.7258 Their
531.230 74.1698 20.4045 8.7258 study

319.380 85.0098 26.7577 8.7258 sample
349.500 85.0098 14.6143 8.7258 was
367.380 85.0098 33.9771 8.7258 collected
404.900 85.0098 18.1690 8.7258 from
426.390 85.0098 21.8892 8.7258 KAFI
451.540 85.0098 35.4656 8.7258 ,volume1
490.150 85.0098 18.6198 8.7258 .And
512.160 85.0098 11.4929 8.7258 the
527.030 85.0098 24.5838 8.7258 results

319.430 95.9298 31.2668 8.7258 deduced
354.670 95.9298 18.4695 8.7258 from
376.920 95.9298 33.3017 8.7258 designed
414.190 95.9298 23.5252 8.7258 expert
441.560 95.9298 26.2746 8.7258 system
471.680 95.9298 18.2376 8.7258 were
493.640 95.9298 37.2110 8.7258 compared
534.810 95.9298 16.7174 8.7258 with

319.380 106.739 23.5496 8.7258 expert
346.190 106.739 18.2072 8.7258 view
367.650 106.739 25.6189 8.7258 points.
396.390 106.739 14.8052 8.7258 The
414.080 106.739 44.0582 8.7258 comparison
461.250 106.739 28.7951 8.7258 showed
493.310 106.739 14.1465 8.7258 that
510.710 106.739 11.4929 8.7258 the
525.460 106.739 26.0346 8.7258 system

319.380 117.509 14.7343 8.7258 was
336.420 117.509 26.0644 8.7258 correct
364.880 117.509 7.3134 8.7258 in
374.590 117.509 17.2417 8.7258 94%
394.150 117.509 22.2926 8.7258 cases.

339.990 133.559 2.4466 8.7258 .

352.810 128.354 36.6753 8.7258 However,
398.960 128.354 18.8179 8.7258 there
427.170 128.354 11.4936 8.7258 are
448.050 128.354 14.1527 8.7258 two
471.560 128.354 18.8424 8.7258 main
499.690 128.354 15.8089 8.7258 data
524.850 128.354 26.6540 8.7258 mining

319.390 139.129 40.4022 8.7258 techmques
362.350 139.129 14.1465 8.7258 that
379.130 139.129 12.9734 8.7258 can
394.900 139.129 8.9590 8.7258 be
406.280 139.129 17.2709 8.7258 used
426.330 139.129 7.3128 8.7258 to
436.300 139.129 28.7687 8.7258 achieve
467.740 139.129 13.6323 8.7258 this
483.940 139.129 32.3896 8.7258 outcome
519.000 139.129 13.6528 8.7258 and
535.320 139.129 16.1924 8.7258 they

319.400 149.929 11.4936 8.7258 are
338.690 149.929 22.5772 8.7258 called
369.490 149.929 41.4524 8.7258 Supervised
418.770 149.929 13.5328 8.7258 and
440.300 149.929 51.6497 8.7258 Unsupervised
499.950 149.929 51.5355 8.7258 Classification

319.390 160.759 42.7845 8.7258 techniques.

339.490 182.469 23.5772 8.7258 Hyder
367.220 182.466 6.9570 8.1662 &
378.620 182.469 39.0562 8.7258 Ghazanfer
421.520 182.469 7.3134 8.7258 in
432.930 182.469 15.9019 8.7258 [19]
452.660 182.469 28.1415 8.7258 defined
484.920 182.469 4.2000 8.7258 a
493.190 182.469 21.3930 8.7258 graph
518.640 182.469 32.9855 8.7258 theoretic

319.650 193.429 52.8645 8.7258 representation
376.860 193.429 7.9613 8.7258 of
388.990 193.429 11.7330 8.7258 the
404.810 193.429 20.2903 8.7258 chain
429.190 193.429 7.9613 8.7258 of
441.440 193.429 33.5692 8.7258 narrators
479.120 193.429 7.9613 8.7258 of
491.310 193.429 29.1781 8.7258 Hadiths
524.740 193.429 13.5389 8.7258 and
542.630 193.429 8.8063 8.7258 an

319.400 204.199 27.6953 8.7258 aigned
353.080 209.419 2.4466 8.7258 .

357.370 204.199 32.3451 8.7258 database
399.920 204.199 32.9937 8.7258 structure
443.000 204.199 29.3972 8.7258 suitable
482.610 204.199 10.9143 8.7258 for
503.610 204.199 26.2968 8.7258 storing
539.990 204.199 11.6129 8.7258 the

319.410 215.089 47.1372 8.7258 bIOgraphical
369.350 215.089 15.6889 8.7258 data
387.670 215.089 7.9613 8.7258 of
398.360 215.089 11.6130 8.7258 the
412.640 215.089 33.5713 8.7258 narrators
449.020 215.089 13.5328 8.7258 and
465.330 215.089 19.3170 8.7258 other
487.420 215.089 35.0379 8.7258 historical
525.100 215.089 26.5931 8.7258 events.

319.450 225.869 20.3396 8.7258 Their
345.070 225.869 20.2845 8.7258 study
370.660 225.869 22.8989 8.7258 aimed
398.740 225.869 7.4328 8.7258 to
411.220 225.869 12.5848 8.7258 use
428.850 225.869 35.6553 8.7258 computer
469.540 225.869 27.9561 8.7258 science
502.540 225.869 33.1002 8.7258 concepts
540.600 225.869 10.9143 8.7258 for

319.400 236.779 43.4188 8.7258 algorithmic
370.500 236.779 33.5144 8.7258 research,
411.720 236.779 32.3451 8.7258 database
451.740 236.779 29.5576 8.7258 queries,
488.890 236.779 62.8055 8.7258 data-warehouses

319.410 247.579 27.9012 8.7258 besides
350.470 247.579 20.5291 8.7258 using
374.230 247.579 7.8413 8.7258 of
385.410 247.579 35.4946 8.7258 advanced
424.320 247.579 45.4443 8.7258 data-mining
473.130 247.579 40.2785 8.7258 techniques
516.810 247.579 7.3128 8.7258 to
527.500 247.579 24.0697 8.7258 assists

319.450 258.419 25.6516 8.7258 Hadith
347.460 258.419 31.3803 8.7258 research
381.210 258.419 13.5328 8.7258 and
397.150 258.419 31.3803 8.7258 research
430.890 258.419 7.3134 8.7258 in
439.230 258.419 29.2288 8.7258 Islamic
470.740 258.419 25.8584 8.7258 history
499.320 258.419 13.5328 8.7258 and
515.270 258.419 36.4385 8.7258 literature.

319.450 269.179 20.3396 8.7258 Their
345.790 269.179 15.6122 8.7258 way
367.410 269.179 7.4328 8.7258 to
380.720 269.179 34.4586 8.7258 represent
421.120 269.179 25.6516 8.7258 Hadith
452.740 269.179 14.7343 8.7258 was
473.170 269.179 36.2210 8.7258 amenable
515.400 269.179 10.9143 8.7258 for
532.190 269.179 19.4258 8.7258 cross

319.420 280.019 43.4011 8.7258 verification
370.010 280.019 13.5705 8.7258 and
390.820 280.019 30.4310 8.7258 analysis
428.250 280.019 7.3134 8.7258 in
442.790 280.019 4.2000 8.7258 a
453.920 280.019 61.2239 8.7258 computationally
522.340 280.019 29.5118 8.7258 feasible

319.380 290.789 30.6185 8.7258 manner,
354.080 290.789 16.1924 8.7258 they
374.480 290.789 21.9430 8.7258 found
400.530 290.789 14.1465 8.7258 that
418.760 290.789 42.2316 8.7258 Annotation
465.090 290.789 7.9613 8.7258 of
477.100 290.789 11.6130 8.7258 the
492.700 290.789 21.9247 8.7258 nodes
518.760 290.789 13.5328 8.7258 and
536.410 290.789 15.1956 8.7258 arcs

319.380 301.579 16.8374 8.7258 with
342.470 301.579 27.6521 8.7258 various
376.280 301.579 20.4795 8.7258 kinds
402.920 301.579 7.9613 8.7258 of
416.960 301.579 29.3657 8.7258 weights
452.510 301.579 13.4128 8.7258 and
472.310 301.579 16.0639 8.7258 then
494.740 301.579 39.1391 8.7258 evaluating
540.000 301.579 11.6129 8.7258 the

319.400 312.499 36.6863 8.7258 aggregate
359.850 312.499 32.9528 8.7258 averages
396.440 312.499 16.7994 8.7258 over
417.010 312.499 32.4749 8.7258 different
453.340 312.499 19.8740 8.7258 paths
477.000 312.499 13.5328 8.7258 and
494.390 312.499 16.6793 8.7258 over
514.920 312.499 11.6129 8.7258 the
530.121 312.499 21.6635 8.7258 entire

319.380 323.329 21.5130 8.7258 graph
343.630 323.329 7.1928 8.7258 to
353.720 323.329 18.8165 8.7258 yield
375.310 323.329 37.6900 8.7258 numerical
415.760 323.329 24.5673 8.7258 grades
443.120 323.329 7.9613 8.7258 of
453.530 323.329 45.8644 8.7258 evaluations.
501.810 323.329 39.7409 8.7258 According
544.310 323.329 7.3128 8.7258 to

319.390 334.109 17.5076 8.7258 their
339.450 334.109 5.7114 8.7258 fi
349.930 334.109 16.6431 8.7258 ding
369.340 334.109 11.4930 8.7258 the
383.360 334.109 53.5055 8.7258 classifications
439.540 334.109 7.9613 8.7258 of
449.810 334.106 26.5212 8.1663 Hadith
478.810 334.109 11.8536 8.7258 are
493.180 334.109 42.2712 8.7258 qualitative,
538.100 334.109 13.4128 8.7258 and

319.390 344.939 15.1945 8.7258 thes
341.590 344.939 20.4831 8.7258 kInds
364.990 344.939 7.8413 8.7258 of
375.960 344.939 36.0327 8.7258 aggregate
415.836 344.939 34.3112 8.7258 functions
453.320 344.939 23.4001 8.7258 would
479.990 344.939 24.1967 8.7258 enable
507.200 344.939 44.5168 8.7258 quantitative

319.380 355.769 28.8140 8.7258 gradIng
353.580 355.769 7.9613 8.7258 of
366.910 355.769 19.4154 8.7258 these
391.610 355.769 56.1311 8.7258 classifications.
453.370 355.769 18.3352 8.7258 Such
477.060 355.769 44.5168 8.7258 quantitative
527.000 355.769 24.5672 8.7258 grades

319.380 366.489 23.5202 8.7258 would
347.470 366.489 20.3919 8.7258 make
372.320 366.489 5.1560 8.7258 it
382.040 366.489 21.9710 8.7258 easier
408.460 366.489 7.4328 8.7258 to
420.200 366.489 32.4082 8.7258 compare
456.960 366.489 13.6528 8.7258 and
475.170 366.489 29.7749 8.7258 contrast
509.250 366.489 26.9185 8.7258 criteria
540.590 366.489 11.0343 8.7258 for

319.220 377.419 45.7588 8.7258 evaluations.

346.140 399.049 34.6450 8.7258 Attempts
386.230 399.049 7.9613 8.7258 of
399.910 399.049 25.5754 8.7258 Alrazo
431.360 399.049 7.1934 8.7258 in
450.210 399.049 31.5082 8.7258 [20][21]
487.300 399.049 7.3128 8.7258 to
500.140 399.049 51.5704 8.7258 computerzied

319.390 410.009 23.5440 8.7258 hadith
348.100 410.009 9.3365 8.7258 by
362.480 410.009 20.4092 8.7258 using
387.920 410.009 49.5488 8.7258 unsupervised
442.510 410.009 52.2899 8.7258 classification.
499.640 410.009 52.0381 8.7258 Unsupervised

319.390 420.679 30.8564 8.7258 learning
353.940 420.679 49.6961 8.7258 classification
407.360 420.679 6.3239 8.7258 is
417.450 420.679 11.4930 8.7258 the
432.570 420.679 28.2857 8.7258 process
464.610 420.679 7.3134 8.7258 in
475.770 420.679 22.9591 8.7258 which
502.430 420.679 11.4929 8.7258 the
517.540 420.679 34.3594 8.7258 available

319.430 431.419 15.6889 8.7258 data
337.510 431.419 34.5240 8.7258 instances
374.490 431.419 11.3736 8.7258 are
388.320 431.419 28.2594 8.7258 divided
419.000 431.419 14.6364 8.7258 into
436.060 431.419 4.2000 8.7258 a
442.650 431.419 20.7502 8.7258 given
465.930 431.419 28.8046 8.7258 number
497.010 431.419 7.9613 8.7258 of
507.450 431.419 44.0580 8.7258 sub-groups,

319.410 442.369 21.4477 8.7258 based
344.580 442.369 9.5967 8.7258 on
358.030 442.369 11.6130 8.7258 the
373.390 442.369 18.3627 8.7258 level
395.590 442.369 7.9613 8.7258 of
407.230 442.369 35.7175 8.7258 similarity
447.230 442.369 31.2911 8.7258 between
482.370 442.369 11.4930 8.7258 the
497.730 442.369 34.5240 8.7258 instances
536.020 442.369 7.4334 8.7258 in
547.320 442.369 4.2001 8.7258 a

319.370 453.169 25.6954 8.7258 certain
347.350 453.169 24.4287 8.7258 group.
374.060 453.169 22.4878 8.7258 These
398.720 453.169 42.0930 8.7258 sub-groups
443.150 453.169 11.3736 8.7258 are
456.920 453.169 22.4572 8.7258 called
481.650 453.169 31.2941 8.7258 clusters.

339.490 463.959 10.9669 8.7258 He
354.720 463.959 34.3932 8.7258 discribed
393.440 463.959 10.9985 8.7258 his
408.680 463.959 44.8844 8.7258 methodolgy
457.900 463.959 7.1928 8.7258 to
469.280 463.959 42.4817 8.7258 computeriz
515.980 463.959 23.4240 8.7258 hadith
543.600 463.959 8.1104 8.7258 as

319.390 474.779 24.6053 8.7258 follow
346.380 474.779 1.8704 8.7258 :

352.860 485.569 7.7546 8.7258 1-
366.130 485.569 27.1842 8.7258 Collect
399.690 485.569 9.3483 8.7258 all
415.150 485.569 35.6300 8.7258 resources
456.930 485.569 14.0265 8.7258 that
477.200 485.569 25.6919 8.7258 related
509.140 485.569 7.3128 8.7258 to
522.560 485.569 28.6412 8.7258 classifY

319.390 496.399 23.5440 8.7258 hadith
346.090 496.399 18.0490 8.7258 from
367.160 496.399 38.6303 8.7258 traditional
408.710 496.399 22.6170 8.7258 books
434.020 496.399 13.5328 8.7258 and
450.540 496.399 28.6889 8.7258 analyze
482.140 496.399 18.8202 8.7258 them
503.870 496.399 7.4328 8.7258 to
514.210 496.399 22.5242 8.7258 figure
539.400 496.399 12.1190 8.7258 out

319.390 507.289 11.7330 8.7258 the
334.270 507.289 17.8425 8.7258 facts
355.400 507.289 14.1465 8.7258 that
372.670 507.289 39.8617 8.7258 irrefutable
415.420 507.289 13.5328 8.7258 and
432.340 507.289 11.4930 8.7258 the
447.100 507.289 27.7232 8.7258 general
478.170 507.289 18.3454 8.7258 rules
499.900 507.289 23.0791 8.7258 which
526.180 507.289 13.0935 8.7258 can
542.670 507.289 8.9589 8.7258 be

319.390 517.979 17.2709 8.7258 used
339.080 517.979 7.4328 8.7258 to
348.220 517.979 35.3407 8.7258 construct
385.520 517.979 43.7493 8.7258 knowledge.

352.940 528.949 7.6701 8.7258 2-
366.130 528.949 35.0937 8.7258 Translate
403.380 528.949 18.5854 8.7258 rules
424.040 528.949 14.6364 8.7258 into
441.080 528.949 29.3972 8.7258 suitable
472.640 528.949 35.6553 8.7258 computer
510.680 528.949 20.2477 8.7258 code.

352.730 539.689 8.0027 8.7258 3-
366.130 539.689 36.5341 8.7258 Construct
405.380 539.689 25.6516 8.7258 Hadith
433.640 539.689 41.2622 8.7258 knowledge
477.560 539.689 23.6460 8.7258 model
503.760 539.689 21.4477 8.7258 based
527.970 539.689 9.3568 8.7258 on
539.980 539.689 11.4929 8.7258 the

319.400 550.489 22.5417 8.7258 anlyst
344.230 550.489 17.8425 8.7258 facts
364.170 550.489 13.6528 8.7258 and
380.230 550.489 20.8517 8.7258 rules.

352.790 561.289 7.8246 8.7258 4-
366.130 561.289 32.9268 8.7258 Evaluate
401.480 561.289 11.4930 8.7258 the
415.290 561.289 44.0797 8.7258 authenticity
461.960 561.289 7.8413 8.7258 of
472.170 561.289 11.4930 8.7258 the
485.960 561.289 23.6460 8.7258 model
511.850 561.289 2.4466 8.7258 .

352.740 572.259 39.7409 8.7258 According
400.880 572.259 7.3128 8.7258 to
416.540 572.259 31.6612 8.7258 (Alrazo)
456.690 572.259 11.4930 8.7258 the
476.550 572.259 25.5316 8.7258 Hadith
510.330 572.259 41.3830 8.7258 knowledge

319.370 582.889 35.6300 8.7258 resources
361.370 582.889 31.4169 8.7258 contains
399.110 582.889 20.0103 8.7258 Data,
425.470 582.889 44.3943 8.7258 information
476.250 582.889 13.4128 8.7258 and
496.040 582.889 41.2622 8.7258 knowledge
543.700 582.889 7.7504 8.7258 as

319.650 593.819 23.9289 8.7258 shown
346.390 593.819 7.3134 8.7258 in
356.290 593.819 17.7666 8.7258 table
376.973 593.819 6.9404 8.7258 2.

72.3700 778.234 33.4600 6.4750 Authorized
107.776 778.234 25.6760 6.4750 licensed
135.398 778.234 11.2840 6.4750 use
148.628 778.234 20.2230 6.4750 limited
170.797 778.234 7.7840 6.4750 to:
180.527 778.234 50.1830 6.4750 Fernuniversitaet
232.656 778.234 22.5680 6.4750 Hagen.
257.170 778.234 38.9060 6.4750 Downloaded
298.022 778.234 7.7840 6.4750 on
307.752 778.234 32.2840 6.4750 November
341.982 778.234 25.2980 6.4750 16,2022
369.226 778.234 5.8380 6.4750 at
377.010 778.234 27.2440 6.4750 09:43:08
406.200 778.234 14.3850 6.4750 UTC
422.531 778.234 14.0000 6.4750 from
438.477 778.234 15.9530 6.4750 IEEE
456.376 778.234 22.1760 6.4750 Xplore.
482.444 778.234 36.5610 6.4750 Restrictions
520.951 778.234 18.6760 6.4750 apply.

11.4100 11.2536 46.5579 9.0936 Proceeding
60.3800 11.2536 13.8312 9.0936 3rd
76.1000 11.2536 53.5320 9.0936 International
131.990 11.2536 46.0712 9.0936 Conference
180.630 11.2536 9.9942 9.0936 on
192.630 11.2536 30.3664 9.0936 ICT4M
224.310 11.5768 20.2781 8.1663 2010

119.120 51.0209 26.5609 5.2771 Information

112.920 60.8109 22.8676 5.2772 Resources
137.170 60.8109 14.6982 5.2772 within

174.850 60.8209 20.3004 5.2772 Required
196.930 60.8209 23.9958 5.2772 Processing

255.130 60.8609 13.5106 5.2772 Value

115.930 70.4609 14.1680 5.2772 hadith
131.670 70.4609 16.6916 5.2772 science

109.320 81.0716 9.7746 6.7932 All
121.330 81.0716 20.0282 6.7932 Hadith

165.970 79.5768 5.0387 8.1662 1-
178.050 81.2016 19.5725 6.7932 Create
204.540 81.2216 25.9611 6.7932 database
240.540 81.1616 20.2216 6.7932 Strong

109.390 94.2116 25.3416 6.7932 resource

164.480 94.0916 9.8124 6.7932 for
177.450 94.0916 18.8681 6.7932 hadith
198.140 94.0916 29.8755 6.7932 Narrators.

240.650 94.1616 30.0150 6.7932 correlated

109.320 107.081 19.7819 6.7932 (Sahih
130.840 107.081 19.9126 6.7932 books,

165.000 107.159 6.0016 6.8008 2-
173.170 107.121 22.5372 6.7932 Analsis
197.480 107.121 28.4680 6.7932 resources

240.670 107.021 13.3278 6.7932 with
255.940 107.021 9.1182 6.7932 the

109.140 120.041 17.4622 6.7932 Sunn,

165.100 120.051 5.7960 6.7932 to
172.770 120.051 21.7012 6.7932 findout
196.430 120.051 9.1182 6.7932 the
207.380 120.051 14.7398 6.7932 rules
223.970 120.051 7.3002 6.7932 of

240.560 120.051 18.9608 6.7932 hadith

77.6400 129.290 10.3593 5.2772 Data

109.800 133.131 23.6953 6.7932 Musnad
136.270 133.091 4.8228 6.7932 ..
141.200 133.091 11.1012 6.7932 etc)

165.050 133.091 39.7020 6.7932 classification

240.650 133.071 22.2144 6.7932 context
264.750 133.071 10.8432 6.7932 and

165.020 146.021 29.7398 6.7932 according
196.660 146.021 5.9160 6.7932 to

240.660 146.021 7.1232 6.7932 its
249.670 146.021 30.3804 6.7932 reference.

165.490 159.041 30.1070 6.7932 Muhadeth

164.970 171.951 41.0783 6.7932 methodology.

109.800 185.451 16.7766 6.7932 Rules
128.300 185.451 6.2634 6.7932 of

166.260 185.411 21.1326 6.7932 I-Form

197.050 185.411 14.3130 6.7932 rules
216.260 185.391 6.3198 6.7932 as
227.180 185.391 3.2940 6.7932 a

240.730 185.391 26.7968 6.7932 Addition

109.370 198.551 39.9438 6.7932 classification

165.050 198.581 28.4373 6.7932 computer
195.410 198.581 14.2050 6.7932 code
211.350 198.581 1.3014 6.7932 .

240.560 198.551 16.3430 6.7932 value

277.020 198.461 5.9748 6.7932 in

69.3600 214.340 27.3089 5.2772 Information

109.340 211.581 29.7398 6.7932 according
140.980 211.581 5.9160 6.7932 to

165.000 211.559 6.0016 6.8008 2-
173.090 211.521 27.6068 6.7932 construct
202.630 211.521 14.6746 6.7932 rules
219.230 211.521 11.2500 6.7932 that

240.570 211.581 32.3460 6.7932 processing

109.300 224.531 9.1182 6.7932 the
120.320 224.531 21.8706 6.7932 experts

164.800 224.531 33.5296 6.7932 associative

216.900 224.591 13.5975 6.7932 with

240.580 224.531 18.9852 6.7932 hadith

109.450 237.461 15.4154 6.7932 point
126.810 237.461 15.8868 6.7932 view.

165.050 237.491 26.8036 6.7932 narrators
193.750 237.491 27.1918 6.7932 database.

240.850 237.461 23.2812 6.7932 context.

109.800 264.071 27.0922 6.7932 Produces
142.300 264.001 12.5910 6.7932 new

164.970 263.901 32.1732 6.7932 Constructs
200.230 263.901 18.5118 6.7932 biases
221.610 263.901 8.8428 6.7932 for

240.970 263.901 26.2977 6.7932 Addition

109.510 276.881 18.6444 6.7932 hadith

164.980 276.851 9.1182 6.7932 the

182.470 276.821 18.7159 6.7932 expert

209.450 276.821 21.0918 6.7932 system

240.560 276.851 16.3422 6.7932 value

70.1000 292.710 25.5564 5.2772 Knowledge

109.320 289.991 32.8640 6.7932 knowledge

165.100 289.961 11.1300 6.7932 that
178.260 289.961 22.8916 6.7932 classify
203.120 289.961 18.8844 6.7932 hadith
223.840 289.961 1.2420 6.7932 .

240.760 289.961 29.4732 6.7932 according
276.940 290.021 5.7960 6.7932 to

109.420 302.951 23.5308 6.7932 through

240.480 302.951 18.8172 6.7932 nature

276.500 302.921 7.3002 6.7932 of

109.290 315.881 21.3984 6.7932 mining

145.780 315.961 9.1182 6.7932 the

240.550 315.911 33.0816 6.7932 knowledge

109.420 328.821 11.1324 6.7932 text
122.430 328.821 7.3002 6.7932 of
130.660 328.821 20.0820 6.7932 hadith.

240.650 328.941 16.0092 6.7932 goals
258.380 328.941 1.3014 6.7932 .

93.9600 343.571 17.0280 6.7932 Table
112.930 343.609 3.7147 6.8009 2
119.170 345.049 0.8379 5.1058 :
122.500 343.571 38.2887 6.7932 Components
162.520 343.571 7.1802 6.7932 of
170.630 343.571 20.5667 6.7932 Hadlth
193.120 343.571 32.9794 6.7932 knowledge
227.750 343.571 29.5695 6.7932 resources.

94.0200 359.289 25.8154 8.7258 Alrazo
124.030 359.289 32.2637 8.7258 intended
160.760 359.289 7.1928 8.7258 to
172.200 359.289 31.6291 8.7258 describe
207.980 359.289 25.5316 8.7258 Hadith
237.800 359.289 41.2622 8.7258 knowledge
283.440 359.289 9.3365 8.7258 by

60.6700 369.849 20.4092 8.7258 using
84.4900 369.849 17.9265 8.7258 Rule
105.380 369.849 5.2772 8.7258 -
113.900 369.849 22.8562 8.7258 Based
140.240 369.849 30.7914 8.7258 method.
174.390 369.849 24.9317 8.7258 Which
202.770 369.849 6.3239 8.7258 is
212.400 369.849 21.3276 8.7258 based
237.090 369.849 9.5967 8.7258 on
248.550 369.849 21.3712 8.7258 IF-
274.190 369.849 18.7775 8.7258 then.

60.7300 380.799 36.7951 8.7258 However,
101.000 380.799 20.4092 8.7258 using
124.880 380.799 49.6687 8.7258 unsupervised
178.050 380.799 30.9765 8.7258 learning
212.480 380.799 31.2140 8.7258 required
247.180 380.799 7.3128 8.7258 to
258.020 380.799 19.3779 8.7258 drive
280.780 380.799 11.9989 8.7258 out

60.6800 391.519 9.7082 8.7258 all
74.6000 391.519 11.4930 8.7258 the
90.6700 391.519 18.3454 8.7258 rules
113.490 391.519 14.1466 8.7258 that
132.210 391.519 6.3239 8.7258 is
143.010 391.519 26.6328 8.7258 needed
174.100 391.519 7.3128 8.7258 to
185.960 391.519 28.5209 8.7258 classify
219.340 391.519 7.8006 8.7258 or
231.450 391.519 25.3385 8.7258 cluster
261.240 391.519 11.4930 8.7258 the
277.120 391.519 15.8089 8.7258 data

60.6700 402.289 36.8498 8.7258 instances,
98.8900 402.289 7.3841 8.7258 It
109.160 402.289 16.6658 8.7258 kind
128.720 402.289 7.8413 8.7258 of
139.400 402.289 32.0306 8.7258 machine
174.210 402.289 30.9723 8.7258 learning
207.960 402.289 12.0902 8.7258 but
222.820 402.289 5.2760 8.7258 it
230.990 402.289 6.3239 8.7258 is
240.110 402.289 12.1166 8.7258 not
255.110 402.289 27.6355 8.7258 enough
285.610 402.289 7.3128 8.7258 to

60.5300 413.189 32.1742 8.7258 consider
94.8685 413.189 5.2760 8.7258 it
102.570 413.189 7.7504 8.7258 as
112.660 413.189 8.8599 8.7258 an
123.930 413.189 38.1570 8.7258 intelligent
164.490 413.189 34.3972 8.7258 machine.

92.5200 424.049 9.3014 8.7258 In
106.740 424.049 32.3056 8.7258 contrast,
143.950 424.049 40.3183 8.7258 supervised
189.320 424.049 30.7364 8.7258 learning
225.070 424.049 49.6961 8.7258 classification
279.790 424.049 13.0934 8.7258 can

60.6700 434.869 18.8805 8.7258 learn
82.1600 434.869 18.3495 8.7258 from
103.170 434.869 11.6129 8.7258 the
117.130 434.869 15.9289 8.7258 data
135.570 434.869 28.8737 8.7258 instants
167.020 434.869 7.3134 8.7258 in
176.990 434.869 11.6130 8.7258 the
191.030 434.869 29.4031 8.7258 training
223.110 434.869 15.6889 8.7258 data
241.420 434.869 12.6157 8.7258 set,
256.800 434.869 7.3128 8.7258 to
266.760 434.869 11.6365 8.7258 get
280.800 434.869 12.1189 8.7258 out

60.6700 445.579 11.7330 8.7258 the
75.6800 445.579 42.1078 8.7258 associative
120.900 445.579 18.4654 8.7258 rules
143.120 445.579 7.3128 8.7258 to
154.000 445.579 28.9337 8.7258 classify
186.810 445.579 11.7330 8.7258 the
202.210 445.579 15.5689 8.7258 data
221.610 445.579 7.1934 8.7258 in
232.660 445.579 11.6130 8.7258 the
247.910 445.579 13.1903 8.7258 test
264.700 445.579 12.8557 8.7258 set,
281.400 445.579 11.4930 8.7258 the

60.5300 456.399 27.0192 8.7258 current
91.9800 456.399 20.4045 8.7258 study
116.950 456.399 27.1972 8.7258 intends
148.760 456.399 7.1928 8.7258 to
160.500 456.399 28.7609 8.7258 classify
194.000 456.399 23.5440 8.7258 hadith
222.220 456.399 36.9617 8.7258 according
263.740 456.399 7.3128 8.7258 to
275.620 456.399 17.2676 8.7258 their

60.7000 467.209 28.8864 8.7258 validity
92.1100 467.209 27.7058 8.7258 include
122.890 467.209 49.0228 8.7258 Sahih(sound,
174.560 467.209 20.1629 8.7258 true),
200.240 467.209 21.3526 8.7258 hasan
224.540 467.209 23.9453 8.7258 (good,
251.260 467.209 41.4077 8.7258 agreeable),

60.7100 478.099 48.1207 8.7258 da'eef(weak)
111.170 478.099 13.5705 8.7258 and
127.220 478.099 32.9949 8.7258 Maudoo'
162.870 478.099 46.0787 8.7258 (fabricated).

94.1000 499.699 17.6769 8.7258 Four
115.380 499.699 20.4795 8.7258 kinds
139.380 499.699 7.8413 8.7258 of
150.670 499.699 23.6641 8.7258 hadith
177.830 499.699 28.6463 8.7258 validity
209.950 499.699 14.7701 8.7258 will
228.230 499.699 8.8390 8.7258 be
240.670 499.699 40.6905 8.7258 considered
285.110 499.699 7.7503 8.7258 as

60.6700 510.579 11.6129 8.7258 the
75.6700 510.579 45.9506 8.7258 independent
125.030 510.579 36.3485 8.7258 variables,
165.160 510.579 20.3468 8.7258 while
189.220 510.579 11.4930 8.7258 the
204.110 510.579 35.1103 8.7258 attributes
242.620 510.579 7.8413 8.7258 of
253.900 510.579 17.2052 8.7258 each
274.840 510.579 17.8668 8.7258 class

60.6600 521.389 14.6501 8.7258 will
77.7400 521.389 8.8389 8.7258 be
88.8600 521.389 40.6905 8.7258 considered
131.980 521.389 7.8704 8.7258 as
142.210 521.389 38.7080 8.7258 dependant
183.240 521.389 34.0226 8.7258 variables
219.332 521.389 7.9612 8.7258 of
229.660 521.389 11.7330 8.7258 the
243.450 521.389 44.9576 8.7258 experiment.

94.0800 543.009 10.5050 8.7258 To
108.560 543.009 27.6729 8.7258 accepts
140.010 543.009 13.6661 8.7258 any
157.640 543.009 25.7981 8.7258 hadith,
187.530 543.009 11.6130 8.7258 the
203.010 543.009 23.6641 8.7258 hadith
230.610 543.009 18.2437 8.7258 must
252.810 543.009 24.1835 8.7258 satisfy
281.390 543.009 11.4930 8.7258 the

60.6700 553.839 36.7324 8.7258 following
99.5381 553.839 39.3331 8.7258 conditions
141.470 553.839 15.3732 8.7258 [22]
161.590 553.839 1.8704 8.7258 :

114.060 564.709 12.0078 8.7258 All
128.470 564.709 33.5744 8.7258 narrators
164.240 564.709 7.3134 8.7258 in
172.460 564.709 21.7767 8.7258 Isnad
196.640 564.709 18.2375 8.7258 were
217.280 564.709 37.0851 8.7258 renowned
256.660 564.709 11.1543 8.7258 for
270.110 564.709 17.2676 8.7258 their

74.1100 575.459 31.7393 8.7258 honesty.

114.060 586.399 12.0078 8.7258 All
128.470 586.399 33.5744 8.7258 narrators
164.240 586.399 7.3134 8.7258 in
172.460 586.399 21.7767 8.7258 Isnad
196.640 586.399 18.2375 8.7258 were
217.280 586.399 37.0851 8.7258 renowned
256.780 586.399 11.0343 8.7258 for
270.110 586.399 17.2676 8.7258 their

74.1200 597.139 35.9447 8.7258 accuracy.

114.120 608.079 21.8899 8.7258 There
138.310 608.079 6.4439 8.7258 is
146.950 608.079 11.9966 8.7258 not
161.360 608.079 44.5267 8.7258 interrupting
208.170 608.079 7.1934 8.7258 in
217.780 608.079 11.4930 8.7258 the
230.070 608.079 21.8967 8.7258 Isnad
254.460 608.079 2.4466 8.7258 .

114.120 618.859 22.0099 8.7258 There
138.310 618.859 6.4439 8.7258 is
146.950 618.859 9.4815 8.7258 no
158.840 618.859 32.4070 8.7258 irregular
193.520 618.859 36.1243 8.7258 statement
231.930 618.859 7.3134 8.7258 in
241.660 618.859 11.6130 8.7258 the
255.640 618.859 25.5316 8.7258 Hadith

74.1600 629.689 23.9373 8.7258 Maten
100.470 629.689 2.4466 8.7258 .

114.000 640.489 22.0099 8.7258 There
138.310 640.489 6.4439 8.7258 is
146.950 640.489 9.4815 8.7258 no
158.880 640.489 34.3771 8.7258 defective
195.560 640.489 7.4334 8.7258 in
205.290 640.489 11.4930 8.7258 the
219.150 640.489 25.5316 8.7258 Hadith
247.110 640.489 26.5310 8.7258 Maten.

67.4400 662.450 15.6333 8.5281 The
85.3600 662.450 30.2379 8.5281 current
118.020 662.450 37.9884 8.5281 approach
158.600 662.420 18.0346 8.5281 runs
179.090 662.420 24.0085 8.5281 under
205.480 662.420 14.6796 8.5281 two
222.480 662.480 52.0190 8.5281 assumptions:

297.000 770.506 19.9203 8.1662 H-24

360.370 52.7568 6.8197 8.1662 1-
372.850 52.7598 19.8575 8.7257 Rejal
394.990 52.7598 30.3921 8.7257 Ahadith
427.690 52.7598 32.3451 8.7257 database
462.330 52.7598 6.4439 8.7257 is
470.970 52.7598 26.6344 8.7257 existed
500.030 52.7598 14.1466 8.7257 that
516.460 52.7598 20.4046 8.7257 mean
541.660 52.7598 5.5945 8.7257 :-

379.060 63.3098 7.9241 8.7257 a-
392.890 63.3098 14.8052 8.7257 The
411.780 63.3098 36.5095 8.7257 reliability
452.190 63.3098 8.5336 8.7257 of
464.600 63.3098 17.2052 8.7257 each
486.090 63.3098 29.8846 8.7257 narrator
520.050 63.3098 18.3637 8.7257 must
542.770 63.3098 8.9589 8.7257 be

325.630 74.3298 43.2309 8.7258 determined
372.930 74.3298 13.5328 8.7258 and
391.050 74.3298 11.4930 8.7258 the
406.420 74.3298 40.1748 8.7258 evaluation
450.570 74.3298 7.9613 8.7258 of
462.820 74.3298 11.6130 8.7258 the
478.770 74.3298 36.6295 8.7258 reliability
519.940 74.3298 18.2437 8.7258 must
542.660 74.3298 8.8389 8.7258 be

326.030 85.1298 42.4290 8.7258 determined
373.420 85.1298 24.0825 8.7258 before
402.440 85.1298 33.9595 8.7258 inputting
441.450 85.1298 7.3134 8.7258 in
453.820 85.1298 11.4930 8.7258 the
470.150 85.1298 31.4083 8.7258 attribute
506.510 85.1298 24.2517 8.7258 tables,
535.910 85.1298 15.8339 8.7258 four

326.140 95.9598 24.0548 8.7258 values
352.740 95.9598 14.6501 8.7258 will
370.030 95.9598 29.8616 8.7258 indicate
402.430 95.9598 7.3134 8.7258 in
412.400 95.9598 13.6323 8.7258 this
428.600 95.9598 18.3443 8.7258 table
449.370 95.9598 34.0330 8.7258 (reliable,
485.840 95.9598 22.2196 8.7258 weak,
510.410 95.9598 41.1381 8.7258 abandoned

326.120 106.729 13.5328 8.7258 and
341.850 106.729 18.3904 8.7258 liar).

379.410 117.469 7.8385 8.7258 b-
392.890 117.469 14.5652 8.7258 The
410.780 117.469 40.8216 8.7258 Exactitude
454.870 117.469 7.9613 8.7258 of
466.390 117.469 17.4452 8.7258 each
487.280 117.469 29.8846 8.7258 narrator
520.760 117.469 18.3637 8.7258 must
542.640 117.469 9.0789 8.7258 be

326.030 128.329 42.4290 8.7258 determined
372.930 128.329 13.5328 8.7258 and
391.050 128.329 11.4930 8.7258 the
407.000 128.329 39.1236 8.7258 evaluation
450.570 128.329 7.9613 8.7258 of
462.820 128.329 11.6130 8.7258 the
478.770 128.329 36.3299 8.7258 reliability
519.580 128.329 18.9787 8.7258 must
542.670 128.329 8.8389 8.7258 be

326.150 139.099 42.3084 8.7258 determined
372.940 139.099 24.0825 8.7258 before
401.480 139.099 34.0796 8.7258 inputting
440.000 139.099 7.3134 8.7258 in
451.890 139.099 11.6130 8.7258 the
467.980 139.099 31.2883 8.7258 attribute
503.860 139.099 24.2517 8.7258 tables,
532.810 139.099 18.7727 8.7258 three

326.140 149.939 24.0548 8.7258 values
352.500 149.939 14.6501 8.7258 will
369.430 149.939 29.8616 8.7258 indicate
401.480 149.939 7.4334 8.7258 in
411.210 149.939 13.6323 8.7258 this
427.170 149.939 18.3443 8.7258 table
447.870 149.939 39.4363 8.7258 (excellent,
489.690 149.939 21.1260 8.7258 good,
513.370 149.939 22.5599 8.7258 poor).

379.370 160.769 7.2820 8.7258 c-
392.890 160.769 14.6852 8.7258 The
409.860 160.769 38.0499 8.7258 continuity
450.200 160.769 7.9613 8.7258 of
460.530 160.769 11.4930 8.7258 the
474.320 160.769 17.1557 8.7258 sand
493.880 160.769 20.4105 8.7258 chain
516.700 160.769 18.2437 8.7258 must
537.260 160.769 8.9589 8.7258 be

325.630 171.619 43.2309 8.7258 determined
370.621 171.619 24.5209 8.7258 before
396.828 171.619 34.7396 8.7258 inputting
433.520 171.619 7.1934 8.7258 in
443.130 171.619 11.6130 8.7258 the
456.820 171.619 31.7683 8.7258 attribute
490.480 171.619 21.1141 8.7258 table,
513.700 171.619 14.1527 8.7258 two

326.140 182.369 24.0548 8.7258 values
352.500 182.369 14.6501 8.7258 will
369.430 182.369 29.8616 8.7258 indicate
401.480 182.369 7.4334 8.7258 in
411.210 182.369 13.6323 8.7258 this
427.170 182.369 18.3443 8.7258 table
447.990 182.369 23.1174 8.7258 (True,
473.210 182.369 23.6873 8.7258 false).

359.540 193.339 7.6628 8.7258 2-

387.370 193.339 25.8482 8.7258 Within
415.640 193.339 11.6130 8.7258 the
429.430 193.339 21.4728 8.7258 scope
453.200 193.339 7.9613 8.7258 of
463.410 193.339 11.4930 8.7258 the
477.080 193.339 22.9292 8.7258 study,
502.300 193.339 11.6130 8.7258 the
515.860 193.339 31.8324 8.7258 research

326.100 204.199 14.6501 8.7258 will
343.170 204.199 27.5741 8.7258 assume
373.050 204.199 14.1465 8.7258 that
389.670 204.199 23.9373 8.7258 Maten
416.010 204.199 6.3239 8.7258 is
424.520 204.199 26.7779 8.7258 regular
453.590 204.199 13.5328 8.7258 and
469.540 204.199 14.6259 8.7258 free
486.460 204.199 7.8413 8.7258 of
496.410 204.199 41.3047 8.7258 defectives.
539.930 204.199 9.4227 8.7258 So

326.110 214.979 14.1465 8.7258 that
342.560 214.979 18.3443 8.7258 table
363.180 214.979 4.8012 8.7258 3
370.330 214.979 34.9711 8.7258 describes
407.620 214.979 11.6130 8.7258 the
421.580 214.979 32.2316 8.7258 different
456.240 214.979 35.2300 8.7258 attributes
493.550 214.979 7.9613 8.7258 of
503.760 214.979 11.7329 8.7258 the
517.720 214.979 15.6889 8.7258 data

326.110 225.769 36.9095 8.7258 instances.

400.680 245.210 22.3413 5.2772 Depended
425.010 245.210 20.1474 5.2772 variables

433.930 255.290 9.0313 5.2772 The
444.190 255.290 20.2284 5.2772 reliabilty

479.650 255.290 9.1513 5.2772 The
489.910 255.290 23.4927 5.2772 exactitude

524.290 254.990 27.5561 5.2772 Independent

331.460 265.100 26.3970 5.2772 Conlinuose

367.810 265.140 19.3381 5.2772 Irregular

397.810 265.140 21.8745 5.2772 Defective

430.140 265.140 23.7020 5.2772 evaluation
455.190 265.140 5.3782 5.2772 of
461.460 265.140 7.0608 5.2772 the

481.620 265.140 23.5197 5.2772 evaluation
506.670 265.140 4.5206 5.2772 of

528.970 264.650 18.3887 5.2772 variable

439.390 274.940 19.8926 5.2772 narrators

482.220 274.940 7.1786 5.2772 the
490.720 274.940 19.8416 5.2772 narrators

530.650 274.460 14.7564 5.2772 (class)

337.310 285.491 14.3928 6.7932 True

369.657 285.491 15.8802 6.7932 False

400.740 285.491 15.8802 6.7932 False

436.720 285.471 25.0228 6.7932 Reliable

482.650 285.491 28.0186 6.7932 Excellent

529.260 285.521 17.0642 6.7932 Sahih

337.450 298.971 14.1276 6.7932 True

369.780 298.941 15.5118 6.7932 False

400.980 298.941 15.3946 6.7932 False

436.720 298.941 25.1422 6.7932 Reliable

488.170 298.941 16.6170 6.7932 Good

529.090 298.941 18.2698 6.7932 Hasan

337.450 312.381 14.1276 6.7932 True

369.780 312.381 15.5118 6.7932 False

400.860 312.381 15.5146 6.7932 False

437.170 312.551 24.6951 6.7932 Reliable

489.850 312.381 13.7148 6.7932 Poor

529.020 312.381 18.3040 6.7932 Da'eef

337.450 325.821 14.1276 6.7932 True

369.370 325.791 15.8144 6.7932 False

400.980 325.821 15.2718 6.7932 False

440.650 325.851 17.1900 6.7932 Weak

482.650 325.791 28.0280 6.7932 Excellent

528.730 325.991 19.8058 6.7932 Da'eef

337.450 339.291 14.1276 6.7932 True

369.900 339.261 15.3946 6.7932 False

400.860 339.291 15.5106 6.7932 False

440.650 339.291 17.3100 6.7932 Weak

488.170 339.221 16.8570 6.7932 Good

528.730 339.431 19.8058 6.7932 Da'eef

337.320 352.871 14.2608 6.7932 True

369.780 352.901 15.5136 6.7932 False

400.860 352.901 15.5106 6.7932 False

440.650 352.841 17.4300 6.7932 Weak

489.720 352.841 14.0874 6.7932 Poor

528.730 352.871 19.8058 6.7932 Da'eef

337.450 366.311 14.1318 6.7932 True

369.730 366.341 15.5696 6.7932 False

400.860 366.341 15.5136 6.7932 False

432.000 366.311 34.6210 6.7932 Abandoned

482.530 366.171 28.1490 6.7932 Excellent

528.730 366.311 18.8892 6.7932 Da'eef

337.320 379.751 14.2608 6.7932 True

369.780 379.781 15.5136 6.7932 False

400.860 379.781 15.5136 6.7932 False

432.000 379.751 34.6210 6.7932 Abandoned

488.170 379.761 16.6170 6.7932 Good

528.730 379.751 18.8892 6.7932 Da'eef

337.320 393.191 14.2608 6.7932 True

369.780 393.221 15.5136 6.7932 False

400.858 393.221 15.5136 6.7932 False

432.130 393.261 34.5034 6.7932 Abandoned

489.730 393.161 13.8348 6.7932 Poor

528.980 393.261 19.4166 6.7932 Da'eef

337.450 406.631 14.1318 6.7932 True

369.730 406.691 15.5696 6.7932 False

400.860 406.661 15.5122 6.7932 False

444.310 406.511 9.9396 6.7932 liar

482.530 406.491 28.1426 6.7932 Excellent

525.080 406.661 26.3004 6.7932 Maudoo'

337.320 420.101 14.2596 6.7932 True

369.780 420.071 15.5118 6.7932 False

400.860 420.101 15.5122 6.7932 False

444.310 419.951 9.9396 6.7932 liar

488.170 420.071 16.6170 6.7932 Good

525.240 420.101 25.9770 6.7932 Maudoo'

337.320 433.511 14.2608 6.7932 True

369.730 433.541 15.5706 6.7932 False

400.860 433.541 15.5136 6.7932 False

444.310 433.571 9.9372 6.7932 liar

489.730 433.481 13.9548 6.7932 Poor

524.770 433.571 26.1594 6.7932 Maudoo'

336.900 446.981 15.5122 6.7932 False

369.900 446.981 15.3936 6.7932 False

400.860 446.981 15.5136 6.7932 False

437.170 446.951 24.5733 6.7932 Reliable

482.530 446.811 28.1444 6.7932 Excellent

528.730 446.951 18.8892 6.7932 Da'eef

336.900 460.391 15.5118 6.7932 False

369.900 460.421 15.3936 6.7932 False

400.860 460.421 15.5136 6.7932 False

436.720 460.421 25.1422 6.7932 Reliable

488.170 460.391 16.6170 6.7932 Good

528.850 460.451 19.6836 6.7932 Da'eef

336.850 473.891 15.5696 6.7932 False

369.900 473.861 15.3936 6.7932 False

400.860 473.861 15.5136 6.7932 False

437.290 473.921 24.5773 6.7932 Reliable

489.730 473.801 13.9548 6.7932 Poor

528.730 473.831 19.8058 6.7932 Da'eef

337.020 487.361 15.3922 6.7932 False

369.780 487.331 15.3918 6.7932 False

400.450 487.301 15.8144 6.7932 False

440.650 487.361 17.1900 6.7932 Weak

482.650 487.301 28.0280 6.7932 Excellent

528.850 487.331 18.7670 6.7932 Da'eef

337.020 500.771 15.3918 6.7932 False

370.020 500.801 15.2746 6.7932 False

400.980 500.771 15.3946 6.7932 False

440.650 500.801 17.3100 6.7932 Weak

488.170 500.741 16.7370 6.7932 Good

528.850 500.771 19.6836 6.7932 Da'eef

336.850 514.181 15.5696 6.7932 False

369.900 514.181 15.3936 6.7932 False

400.860 514.181 15.5136 6.7932 False

440.650 514.121 17.4300 6.7932 Weak

489.240 514.121 14.4924 6.7932 Poor

528.850 514.221 19.6836 6.7932 Da'eef

337.020 527.661 15.3918 6.7932 False

370.020 527.691 15.2746 6.7932 False

400.980 527.691 15.3922 6.7932 False

432.140 527.831 34.3538 6.7932 Abandoned

482.650 527.661 28.0234 6.7932 Excellent

528.730 527.801 18.8870 6.7932 Da'eef

336.900 541.091 15.5118 6.7932 False

370.020 541.091 15.2746 6.7932 False

400.860 541.091 15.5146 6.7932 False

432.020 541.091 34.8416 6.7932 Abandoned

488.170 541.091 16.7370 6.7932 Good

528.850 541.091 19.6836 6.7932 Da'eef

336.900 554.531 15.5146 6.7932 False

370.020 554.531 15.2746 6.7932 False

400.980 554.531 15.3946 6.7932 False

431.890 554.531 34.8618 6.7932 Abandoned

489.850 554.531 13.8348 6.7932 Poor

528.980 554.531 19.4166 6.7932 Da'eef

337.020 567.971 15.3918 6.7932 False

369.900 567.971 15.3946 6.7932 False

400.980 567.971 15.3946 6.7932 False

444.310 567.971 9.9396 6.7932 liar

482.860 567.971 27.6000 6.7932 Excellent

525.240 568.181 25.9770 6.7932 Maudoo'

337.020 581.411 15.3946 6.7932 False

370.020 581.441 15.2746 6.7932 False

400.860 581.411 15.5146 6.7932 False

444.310 581.441 9.9396 6.7932 liar

488.290 581.411 16.4844 6.7932 Good

524.940 581.411 25.6950 6.7932 Maudoo'

337.020 595.001 15.3946 6.7932 False

370.020 594.971 15.2746 6.7932 False

400.980 594.971 15.3946 6.7932 False

444.420 595.001 9.8262 6.7932 liar

489.850 594.971 13.8348 6.7932 Poor

525.240 595.181 25.9770 6.7932 Maudoo'

390.370 608.411 22.3230 6.7932 Table3:
415.210 608.411 11.6094 6.7932 The
428.670 608.411 28.1660 6.7932 attnbutes
458.560 608.411 7.3002 6.7932 of
466.920 608.411 23.3075 6.7932 tramm
492.090 608.411 12.4974 6.7932 data
506.480 608.411 8.2998 6.7932 set

328.930 623.769 28.6179 8.7258 Current
361.150 623.769 20.2845 8.7258 study
385.060 623.769 24.6647 8.7258 adopts
413.310 623.769 20.9419 8.7258 Multi
437.800 623.769 25.6270 8.7258 Binary
466.890 623.769 34.1006 8.7258 classifier
504.610 623.769 7.8704 8.7258 as
515.990 623.769 24.5981 8.7258 shown
544.200 623.769 7.3134 8.7258 in

328.760 634.559 22.5242 8.7258 figure
353.670 634.559 7.1954 8.7258 2.

72.3700 778.234 33.4600 6.4750 Authorized
107.776 778.234 25.6760 6.4750 licensed
135.398 778.234 11.2840 6.4750 use
148.628 778.234 20.2230 6.4750 limited
170.797 778.234 7.7840 6.4750 to:
180.527 778.234 50.1830 6.4750 Fernuniversitaet
232.656 778.234 22.5680 6.4750 Hagen.
257.170 778.234 38.9060 6.4750 Downloaded
298.022 778.234 7.7840 6.4750 on
307.752 778.234 32.2840 6.4750 November
341.982 778.234 25.2980 6.4750 16,2022
369.226 778.234 5.8380 6.4750 at
377.010 778.234 27.2440 6.4750 09:43:08
406.200 778.234 14.3850 6.4750 UTC
422.531 778.234 14.0000 6.4750 from
438.477 778.234 15.9530 6.4750 IEEE
456.376 778.234 22.1760 6.4750 Xplore.
482.444 778.234 36.5610 6.4750 Restrictions
520.951 778.234 18.6760 6.4750 apply.

12.1300 9.7236 46.5579 9.0936 Proceeding
61.1000 9.7236 13.8312 9.0936 3rd
76.9400 9.7236 53.4192 9.0936 International
132.710 9.7236 46.1853 9.0936 Conference
181.350 9.7236 10.1142 9.0936 on
193.350 9.7236 30.3732 9.0936 ICT4M
225.030 10.0468 20.3982 8.1663 2010

90.1200 86.8068 12.7199 8.1662 First
105.250 86.8068 18.6002 8.1662 binary

93.5800 95.1768 26.5536 8.1662 classifier

85.3200 116.326 21.5996 8.1662 Second
109.700 116.326 18.5676 8.1662 binary

93.5800 124.706 26.5536 8.1662 classifier

88.4400 145.846 15.3619 8.1662 Third
106.440 145.846 18.7178 8.1662 binary

93.7000 154.226 26.4335 8.1662 classifier

94.1900 177.830 10.0899 6.9015 Vlf
105.850 177.830 48.0136 6.9015 CONCLUSION
155.760 177.830 15.1552 6.9015 AND
172.340 177.830 29.2269 6.9015 FUTUER
203.330 177.830 21.6924 6.9015 WORK

94.0700 192.769 17.7383 8.7258 Data
115.270 192.769 26.6563 8.7258 mining
145.160 192.769 12.5594 8.7258 has
161.010 192.769 33.9551 8.7258 powerful
198.340 192.769 40.1522 8.7258 techniques
241.780 192.769 7.2996 8.7258 to
252.450 192.769 25.5653 8.7258 extract
281.390 192.769 11.5342 8.7258 the

60.6600 209.089 43.5651 8.7258 knowledge,
106.680 209.089 29.2300 8.7258 Islamic
139.750 209.089 41.3828 8.7258 knowledge
184.880 209.089 6.3239 8.7258 is
195.080 209.089 26.1715 8.7258 special
224.960 209.089 18.6316 8.7258 case,
251.290 209.089 29.9654 8.7258 because
284.940 209.089 7.8656 8.7258 of

60.6800 225.299 13.6661 8.7258 any
77.5000 225.299 17.2513 8.7258 fault
97.8700 225.299 7.3134 8.7258 in
108.320 225.299 11.6129 8.7258 the
122.950 225.299 37.6802 8.7258 extraction
163.750 225.299 21.0099 8.7258 could
187.890 225.299 25.0815 8.7258 misled
216.280 225.299 32.9126 8.7258 Muslims
252.230 225.299 7.9964 8.7258 as
263.380 225.299 16.2122 8.7258 well
282.850 225.299 10.2563 8.7258 as.

60.6600 241.569 18.4626 8.7258 none
84.3200 241.569 31.4369 8.7258 Muslim.
126.240 241.619 36.9149 8.7258 However,
166.680 241.619 7.3841 8.7258 It
179.220 241.619 32.2896 8.7258 essential
216.680 241.619 7.4328 8.7258 to
229.160 241.619 12.5848 8.7258 use
246.930 241.619 13.6336 8.7258 this
265.660 241.619 14.6304 8.7258 tool
285.460 241.619 7.3128 8.7258 to

60.6600 257.809 26.6552 8.7258 mining
90.0900 257.809 9.4682 8.7258 all
102.120 257.809 15.8089 8.7258 data
120.460 257.809 13.7728 8.7258 and
136.910 257.809 44.3765 8.7258 information
184.060 257.809 14.1465 8.7258 that
200.860 257.809 13.5452 8.7258 had
217.210 257.809 17.7318 8.7258 been
237.690 257.809 30.8533 8.7258 released
271.330 257.809 7.1766 8.7258 in
281.400 257.809 11.4930 8.7258 the

60.6700 274.029 16.6803 8.7258 holy
80.1700 274.029 27.5517 8.7258 Qur'an,
110.300 274.029 25.5327 8.7258 Hadith
138.450 274.029 13.5388 8.7258 and
153.140 274.029 29.3500 8.7258 Islamic
185.020 274.029 38.7488 8.7258 traditional
226.330 274.029 25.0033 8.7258 books.
259.130 274.029 25.0518 8.7258 Which
286.680 274.029 6.3239 8.7258 is

60.7100 290.219 30.3145 8.7258 difficult
93.6800 290.219 7.1928 8.7258 to
103.560 290.219 9.4353 8.7258 do
115.640 290.219 37.5186 8.7258 manually.
161.070 290.219 14.5651 8.7258 The
178.300 290.219 40.2785 8.7258 techniques
221.140 290.219 14.1466 8.7258 that
237.930 290.219 23.4002 8.7258 would
264.130 290.219 8.8390 8.7258 be
275.630 290.219 17.1509 8.7258 used

60.5600 306.589 11.7336 8.7258 are
74.5100 306.589 32.4757 8.7258 different
109.260 306.589 36.2674 8.7258 regarding
147.800 306.589 7.1928 8.7258 to
157.410 306.589 11.6130 8.7258 the
171.210 306.589 29.7810 8.7258 purpose
203.250 306.589 7.9612 8.7258 of
213.580 306.589 11.4142 8.7258 the
227.620 306.589 43.2530 8.7258 knowledge.

94.0800 322.779 51.6498 8.7258 Unsupervised
148.990 322.779 30.9753 8.7258 learning
182.940 322.779 49.6955 8.7258 classification
235.860 322.779 13.4505 8.7258 and
252.640 322.779 39.9297 8.7258 supervised

60.6700 338.949 30.8565 8.7258 learning
96.1800 338.949 49.5768 8.7258 classification
150.420 338.949 11.4526 8.7258 are
166.660 338.949 11.4930 8.7258 the
182.750 338.949 14.1527 8.7258 two
201.500 338.949 27.7792 8.7258 famous
234.090 338.949 39.8629 8.7258 techniques
278.650 338.949 14.1465 8.7258 that

60.6700 355.109 17.2709 8.7258 used
83.6000 355.109 7.1928 8.7258 to
96.3000 355.109 28.5224 8.7258 classifY
130.640 355.109 25.9796 8.7258 hadith.
162.020 355.109 14.6851 8.7258 The
182.140 355.109 15.2200 8.7258 first
202.890 355.109 40.2785 8.7258 techniques
248.600 355.109 31.3340 8.7258 required
285.460 355.109 7.3128 8.7258 to

60.6800 371.479 33.4284 8.7258 indicates
98.3600 371.479 9.5883 8.7258 all
112.140 371.479 18.2254 8.7258 rules
134.600 371.479 14.1465 8.7258 that
153.080 371.479 36.1940 8.7258 necessary
193.920 371.479 11.0088 8.7258 for
209.240 371.479 52.1731 8.7258 classification.
265.600 371.479 11.4532 8.7258 On
281.390 371.479 11.4930 8.7258 the

60.6600 387.679 19.4369 8.7258 other
82.7500 387.679 20.5187 8.7258 hand,
105.910 387.679 40.3190 8.7258 supervised
148.880 387.679 30.9780 8.7258 learning
182.470 387.679 12.9734 8.7258 can
198.090 387.679 18.9092 8.7258 learn
219.760 387.679 18.1690 8.7258 from
240.470 387.679 29.2827 8.7258 training
272.380 387.679 10.5654 8.7258 set
285.480 387.679 7.3128 8.7258 to

60.6700 403.859 23.6340 8.7258 induct
87.2000 403.859 11.6129 8.7258 the
101.830 403.859 20.5515 8.7258 rules,
125.490 403.859 15.7108 8.7258 post
144.220 403.859 13.0703 8.7258 test
160.310 403.859 11.4936 8.7258 are
174.830 403.859 11.6130 8.7258 the
189.460 403.859 25.9185 8.7258 second
218.510 403.859 15.2474 8.7258 step
236.650 403.859 7.4328 8.7258 to
247.080 403.859 31.3144 8.7258 evaluate
281.420 403.859 11.4930 8.7258 the

60.6800 420.019 33.4784 8.7258 accuracy
99.3100 420.019 7.9613 8.7258 of
112.520 420.019 11.4930 8.7258 the
129.310 420.019 26.0002 8.7258 model.
160.480 420.019 27.1571 8.7258 Farther
192.800 420.019 20.5249 8.7258 study
218.600 420.019 14.8901 8.7258 will
238.400 420.019 30.0125 8.7258 conduct
273.580 420.019 19.3130 8.7258 other

60.6800 436.259 40.2703 8.7258 algorithms
103.380 436.259 21.9724 8.7258 rather
127.640 436.259 16.1839 8.7258 than
146.280 436.259 31.2749 8.7258 decision
180.090 436.259 14.0207 8.7258 tree
196.540 436.259 7.3128 8.7258 to
206.240 436.259 34.5752 8.7258 construct
243.020 436.259 49.9397 8.7258 classification

60.6600 452.569 26.1202 8.7258 model.

153.000 470.170 47.4747 6.9015 REFERENCES

61.0900 484.579 8.3010 6.8009 [I]
71.6500 484.579 6.3947 6.8009 E.
80.4600 484.579 22.3151 6.8009 Atwell,
105.210 484.579 29.1889 6.8009 K.DukeS,
137.110 484.579 6.9487 6.8009 A.
146.490 484.579 21.4574 6.8009 Sharaf,
170.510 484.579 31.2015 6.8009 N.Habash,
203.990 484.579 24.6449 6.8009 B.Louw
231.020 484.579 10.7636 6.8009 and
243.840 484.579 6.9273 6.8009 B.
253.300 484.579 12.7768 6.8009 Abu
268.200 484.579 24.5803 6.8009 Shawar,

60.4900 493.259 48.1181 6.8009 "Understanding
111.470 493.259 9.0165 6.8009 the
124.100 493.259 24.1063 6.8009 Quran:a
151.560 493.259 12.6116 6.8009 new
167.440 493.259 18.8746 6.8009 Grand
189.800 493.259 30.4370 6.8009 Challenge
223.670 493.259 8.7275 6.8009 for
235.770 493.259 30.2417 6.8009 Computer
269.090 493.259 23.6850 6.8009 Science

60.8200 501.859 10.6436 6.8009 and
73.4900 501.859 27.6118 6.8009 Artificial
102.440 501.859 41.3426 6.8009 Intelligence",
145.080 501.859 14.1655 6.8009 New
161.080 501.859 17.5312 6.8009 York,
180.460 501.859 16.8825 6.8009 USA.

61.2100 520.009 42.1576 6.8008 [2]A.As-Sadr,
106.890 520.009 3.0353 6.8008 "
113.350 520.009 11.8837 6.8008 Our
128.390 520.009 36.6745 6.8008 Philosophy.
168.100 520.009 16.9651 6.8008 USA:
188.730 520.009 30.7814 6.8008 Routledge
223.220 520.009 10.7636 6.8008 and
237.400 520.009 20.5026 6.8008 Taylor
261.300 518.566 5.6434 8.1662 &
270.530 520.009 22.1638 6.8008 Francis

60.7400 528.529 22.3464 6.8008 Group"
84.9000 528.529 1.8987 6.8008 ,
88.7300 528.529 16.9218 6.8008 1987.

61.0900 546.559 8.4191 6.8008 [3]
74.3800 546.559 4.1529 6.8008 P
82.8700 546.559 32.6323 6.8008 Comford,"
119.750 546.559 19.6543 6.8008 Plato's
143.930 546.559 21.7494 6.8008 Theory
169.990 546.559 6.2496 6.8008 of
180.640 546.559 39.7483 6.8008 Knowledge",
224.590 546.559 39.1325 6.8008 Indianapolis,
267.910 546.559 24.6952 6.8008 Indiana:

60.3000 555.399 43.9204 6.8008 Bobbs-Merrill
105.660 555.399 31.1872 6.8008 Company,
138.470 555.399 26.5875 6.8008 Inc,1957

60.9700 573.359 8.5423 6.8008 [4]
71.6700 573.359 43.3564 6.8008 T.H.Davenpor
117.110 573.359 10.7636 6.8008 and
130.000 573.359 28.9369 6.8008 L.Prusak,
161.020 573.359 3.0353 6.8008 "
166.050 573.359 26.8690 6.8008 Working
194.920 573.359 36.8322 6.8008 Knowledge:
233.700 573.359 14.7263 6.8008 How
250.340 573.359 42.7774 6.8008 Organizations

60.5800 586.249 24.1446 6.8008 Manage
86.5900 586.249 16.5414 6.8008 What
104.920 586.249 15.5134 6.8008 They
122.310 586.249 23.4235 6.8008 Know",
149.450 586.249 24.6378 6.8008 Harvard
175.900 586.249 27.0126 6.8008 Business
204.580 586.249 21.1123 6.8008 School
227.540 586.249 17.7049 6.8008 Press,
247.190 586.249 16.8966 6.8008 2000.

60.6900 608.689 47.7525 6.8008 [5]P.F.Drucker,
111.440 608.689 14.6767 6.8008 "The
129.770 608.689 25.9409 6.8008 essential
159.030 608.689 26.7449 6.8008 Drucker:
189.320 608.689 30.9752 6.8008 Selections
223.780 608.689 14.5327 6.8008 from
241.690 608.689 9.1365 6.8008 the
254.200 608.689 38.6879 6.8008 management

60.5000 621.599 18.6399 6.8008 works
81.0400 621.599 6.2496 6.8008 of
89.2500 621.599 15.3209 6.8008 Peter
106.440 621.599 5.9234 6.8008 F.
114.270 621.599 29.7807 6.8008 Drucker",
145.800 621.599 14.2855 6.8008 New
161.920 621.599 17.6144 6.8008 York:
181.490 621.599 20.9108 6.8008 Harper
204.100 621.599 40.1996 6.8008 Business,200
244.400 621.599 5.3897 6.8008 I.

60.9700 644.229 8.5422 6.8008 [6]
72.2300 644.229 23.9581 6.8008 M.Ester
99.1100 644.229 10.6436 6.8008 and
112.550 644.229 4.7491 6.8008 J.
120.210 644.229 22.7776 6.8008 Sander,
146.040 644.229 37.0968 6.8008 "Knowledge
186.300 644.229 30.8833 6.8008 Discovery
219.930 644.229 5.9029 6.8008 in
229.140 644.229 34.4919 6.8008 Databases".
267.039 644.229 25.5870 6.8008 Springer

58.7400 652.689 22.4367 6.8008 Verlag
82.9800 652.689 1.8987 6.8008 ,
86.7200 652.689 13.0667 6.8008 Berl
99.7800 652.689 7.9120 6.8008 in,
109.280 652.689 32.3764 6.8008 Sept.2000.

297.000 770.566 19.6794 8.1662 H-25

319.680 52.3597 8.5408 6.8009 [7]
331.470 52.3597 32.2015 6.8009 I.H.Witten
367.180 52.3597 10.7635 6.8009 and
381.190 52.3597 28.5420 6.8009 W.Frank,
413.010 52.3597 3.0353 6.8009 "
419.440 52.3597 14.0104 6.8009 Data
436.920 52.3597 22.3985 6.8009 Mining
462.450 52.3597 2.5337 6.8009 -
468.370 52.3597 26.2510 6.8009 Practical
497.810 52.3597 25.5607 6.8009 machine
526.720 52.3597 24.9094 6.8009 learning

319.300 60.8597 14.7219 6.8008 tools
335.980 60.8597 10.7635 6.8008 and
348.590 60.8597 32.2583 6.8008 techniques
382.600 60.8597 13.5878 6.8008 with
397.230 60.8597 13.1818 6.8008 java
412.400 60.8597 55.0874 6.8008 implementations".
469.460 60.8597 23.7269 6.8008 Morgan
494.930 60.8597 33.8769 6.8008 Kaufmann,
530.870 60.8597 16.8966 6.8008 2000.

319.680 78.9897 8.5392 6.8008 [8]
333.210 78.9897 17.2669 6.8008 J.Han
355.660 78.9897 10.7635 6.8008 and
371.510 78.9897 34.8590 6.8008 M.Kamber,
411.210 78.9897 17.1905 6.8008 "Data
433.440 78.9897 24.2651 6.8008 Mining:
462.800 78.9897 27.9776 6.8008 Concepts
495.970 78.9897 10.6435 6.8008 and
511.740 78.9897 39.7426 6.8008 Techniques",

319.300 87.5897 23.9669 6.8008 Morgan
345.130 87.5897 33.7568 6.8008 Kaufmann,
380.710 87.5897 16.8966 6.8008 2000.

319.680 105.749 8.5407 6.8008 [9]
330.670 105.749 39.8194 6.8008 U.M.Fayyad,
372.870 105.749 60.9493 6.8008 G.Piatetsky-Shapiro
436.310 105.749 10.7635 6.8008 and
449.630 105.749 27.5475 6.8008 P.Smyth,
479.620 105.749 3.0353 6.8008 "
485.070 105.749 34.5489 6.8008 Knowledge
522.020 105.749 29.6213 6.8008 discovery

319.300 114.349 10.8835 6.8008 and
335.190 114.349 12.4424 6.8008 data
352.700 114.349 23.3978 6.8008 mining:
381.160 114.349 26.3203 6.8008 Towards
412.560 114.349 3.1877 6.8008 a
420.820 114.349 25.7919 6.8008 unifying
451.440 114.349 37.8757 6.8008 framework".
494.250 114.349 5.9029 6.8008 in
505.220 114.349 13.8708 6.8008 Proc
523.780 114.349 6.4896 6.8008 of
535.150 114.349 16.3498 6.8008 KDD

319.370 123.009 36.5895 6.8008 Conference,
357.790 123.009 9.4442 6.8008 pp.
369.090 123.009 20.8389 6.8008 82-88,
391.850 123.009 16.6847 6.8008 1996.

319.680 141.189 12.3820 6.8008 [10]
335.700 141.189 22.4336 6.8008 R.T.Ng
361.790 141.189 10.7635 6.8008 and
376.190 141.189 19.2759 6.8008 J.Han,
399.110 141.189 3.0353 6.8008 "
405.640 141.189 26.5663 6.8008 Efficient
435.740 141.189 10.7635 6.8008 and
450.220 141.189 26.2358 6.8008 effective
480.130 141.189 29.8766 6.8008 clustering
513.440 141.189 25.6211 6.8008 methods
542.800 141.189 8.7275 6.8008 for

319.190 149.659 19.8674 6.8008 spatial
340.710 149.659 12.5624 6.8008 data
355.220 149.659 23.3152 6.8008 mining.
380.460 149.659 5.7829 6.8008 in
388.190 149.659 15.5392 6.8008 Proc.
405.790 149.659 28.6889 6.8008 ofVLDB
436.510 149.659 36.1445 6.8008 Conference,
474.710 149.659 9.3242 6.8008 pp.
486.270 149.659 44.7640 6.8008 144-155,1994.

319.680 167.809 12.2624 6.8008 [II]
334.980 167.809 48.7672 6.8008 S.Papadimitriou
386.820 167.809 8.9760 6.8008 ,H.
398.900 167.809 30.7543 6.8008 Kitagawa,
432.710 167.809 38.4972 6.8008 P.B.Gibbons
474.240 167.809 10.7635 6.8008 and
488.000 167.809 37.7946 6.8008 C.Faloutsos,
529.020 167.809 22.3458 6.8008 "LOCI:

319.310 176.399 12.6525 6.8008 Fast
334.500 176.399 40.7070 6.8008 OutDetection
377.840 176.399 17.9854 6.8008 Using
398.400 176.399 9.1365 6.8008 the
410.330 176.399 17.0709 6.8008 Local
430.050 176.399 34.3350 6.8008 Correlation
467.110 176.399 28.3282 6.8008 Integral",
498.090 176.399 5.7829 6.8008 in
506.660 176.399 15.5392 6.8008 Proc.
524.860 176.399 6.3696 6.8008 of
533.970 176.399 17.5575 6.8008 ICDE

319.250 185.019 36.7095 6.8008 Conference,
359.710 185.019 9.3242 6.8008 pp.
371.320 185.019 29.5417 6.8008 315,2003.

319.680 203.429 12.3841 6.8008 [12]
334.530 203.429 31.7342 6.8008 P.Kr"oger,
368.720 203.429 25.2919 6.8008 "Coping
396.390 203.429 13.5878 6.8008 with
412.310 203.429 12.4915 6.8008 new
427.160 203.429 31.9366 6.8008 challenges
461.620 203.429 8.8475 6.8008 for
472.970 203.429 41.3262 6.8008 density-based
516.650 203.429 34.9960 6.8008 clustering",

319.410 212.059 13.3872 6.8008 PhD
334.540 212.059 19.0232 6.8008 thesis.
355.470 212.059 16.6135 6.8008 LMU
373.910 212.059 25.6260 6.8008 Munich,
401.470 212.059 16.7794 6.8008 2004.

319.680 230.139 12.2618 6.8008 [13]
334.530 230.139 25.3973 6.8008 J.Y.Pan,
362.370 230.139 33.5876 6.8008 "Advanced
398.680 230.139 17.1972 6.8008 Tools
418.420 230.139 8.7275 6.8008 for
429.720 230.139 35.0558 6.8008 Multimedia
467.450 230.139 14.1304 6.8008 Data
484.210 230.139 27.1812 6.8008 Mining",
516.610 230.139 13.2672 6.8008 PhD
532.460 230.139 19.1432 6.8008 thesis.

319.370 238.699 27.1900 6.8008 Carnegie
348.340 238.699 21.6909 6.8008 Mellon
372.080 238.699 30.6923 6.8008 Univerity,
404.630 238.699 33.0681 6.8008 Pittsburgh,
439.550 238.699 11.4604 6.8008 PA,
452.960 238.699 16.7791 6.8008 2006.

319.810 256.859 23.3210 6.8009 [14]E.J.
346.210 256.859 24.1783 6.8009 Quigley
373.550 256.859 10.7635 6.8009 and
387.420 256.859 32.1564 6.8009 A.Debons,
422.380 256.859 3.0353 6.8009 "
428.270 256.859 39.3519 6.8009 Interrogative
470.300 256.859 19.3941 6.8009 theory
492.570 256.859 6.3696 6.8009 of
501.940 256.859 35.5440 6.8009 information
540.520 256.859 10.8835 6.8009 and

319.390 265.499 37.8905 6.8009 knowledge".
361.140 265.499 26.3799 6.8009 SIGCPR
391.150 265.499 33.0564 6.8009 conference
428.210 265.499 7.5817 6.8009 on
439.630 265.499 30.0016 6.8009 Computer
473.490 265.499 29.3922 6.8009 personnel
506.420 265.499 26.9329 6.8009 research.
537.140 265.499 14.2854 6.8009 New

319.370 274.139 25.4339 6.8009 Orleans,
346.590 274.139 31.5808 6.8009 Louisiana,
380.000 274.139 20.5095 6.8009 United
402.310 274.139 20.2234 6.8009 States:
424.500 274.139 18.9487 6.8009 ACM,
445.380 274.139 16.8034 6.8009 1999.

319.810 292.259 12.2640 6.8009 [15]
336.280 292.259 4.3213 6.8009 I.
344.830 292.259 27.0956 6.8009 Spiegler,
376.050 292.259 37.7178 6.8009 "Knowledge
418.080 292.259 41.3141 6.8009 Management:
463.870 292.259 5.2324 6.8009 A
473.410 292.259 14.1655 6.8009 New
491.820 292.259 12.9127 6.8009 Idea
509.120 292.259 6.2457 6.8009 or
519.740 292.259 3.1877 6.8009 a
527.260 292.259 24.1895 6.8009 Recycle

319.370 300.749 30.1039 6.8009 Concept",
352.380 300.749 51.3895 6.8009 Communications
406.850 300.749 6.2496 6.8009 of
416.220 300.749 35.3103 6.8009 Association
454.540 300.749 8.8475 6.8009 for
466.380 300.749 35.9150 6.8009 Information
505.290 300.749 37.6739 6.8009 Systems{l3)
545.870 300.749 5.6015 6.8009 4,

319.500 309.369 15.1146 6.8009 2000
336.430 309.369 1.8351 6.8009 .

321.610 327.509 12.2649 6.8009 [16]
335.680 327.509 4.3213 6.8009 I.
341.950 327.509 26.9755 6.8009 Spiegler,
370.770 327.509 39.1010 6.8009 "Technology
411.590 327.509 10.8835 6.8009 and
424.410 327.509 34.9735 6.8009 knowledge:
461.420 327.509 25.6146 6.8009 bridging
488.880 327.509 3.1877 6.8009 a
494.030 327.509 37.9068 6.8009 "generating"
533.850 327.509 15.8198 6.8009 gap".

319.070 336.149 36.4731 6.8009 Information
357.370 334.706 5.6434 8.1663 &
364.790 336.149 41.4712 6.8009 Management,
407.720 336.149 26.1006 6.8009 Volume
435.820 336.149 9.5611 6.8009 40,
447.060 336.149 15.4501 6.8009 Issue
464.610 336.149 5.6242 6.8009 6,
471.950 336.149 9.3242 6.8009 pp.
483.230 336.149 27.0940 6.8009 533-539,
512.390 336.149 16.6564 6.8009 2003.

319.810 354.299 18.2737 6.8009 [17]P.
343.580 354.299 19.9479 6.8009 Kaipa,
369.220 354.299 37.5981 6.8009 "Knowledge
412.680 354.299 35.4338 6.8009 architecture
453.830 354.299 8.8475 6.8009 for
468.260 354.299 9.1365 6.8009 the
483.030 354.299 35.4620 6.8009 twenty-first
523.920 354.299 27.5767 6.8009 century",

319.390 362.769 31.4337 6.8009 Behaviour
352.810 361.326 5.6434 8.1663 &
360.400 362.769 35.9150 6.8009 Information
398.320 362.769 37.6974 6.8009 Technology,
437.940 362.769 7.4498 6.8009 19
447.360 362.769 10.7469 6.8009 (3),
460.290 362.769 33.8733 6.8009 pp.153-161
494.500 362.769 18.6972 6.8009 ,2000.

319.810 380.899 12.2620 6.8009 [18]
336.350 380.899 46.1482 6.8009 M.Ghazizadeh,
386.400 380.899 15.8970 6.8009 M.H.
406.590 380.899 23.0737 6.8009 Zahedi,
433.930 380.899 58.5116 6.8009 M.Kahani,andB.M.
496.780 380.899 24.5679 6.8009 Bidgoli,
530.040 380.899 21.4628 6.8009 "Fuzzy

319.440 393.859 20.0795 6.8009 Expert
342.360 393.859 21.1136 6.8009 system
366.540 393.859 5.7829 6.8009 in
375.520 393.859 36.3963 6.8009 determining
414.880 393.859 20.6713 6.8009 Hadith
438.550 393.859 27.9538 6.8009 validity",
469.560 393.859 27.4636 6.8009 advances
500.110 393.859 5.9029 6.8009 in
509.020 393.859 28.5483 6.8009 computer
540.730 393.859 10.7636 6.8009 and

319.490 406.789 35.4240 6.8009 information
356.760 406.789 25.0482 6.8009 sciences
383.750 406.789 10.8835 6.8009 and
396.430 406.789 35.7769 6.8009 engineering
434.000 406.789 1.8986 6.8009 ,
438.160 406.789 36.4632 6.8009 PP.354-359,
477.090 406.789 16.6566 6.8009 2008.

319.930 429.269 12.1435 6.8009 [19]
335.710 429.269 29.2767 6.8009 S.I.Hyder
368.990 429.269 10.7635 6.8009 and
383.990 429.269 38.7952 6.8009 S.Ghazanfer,
426.820 429.269 3.0353 6.8009 "
433.730 429.269 26.3203 6.8009 Towards
464.050 429.269 3.1877 6.8009 a
471.060 429.269 25.7818 6.8009 database
500.730 429.269 26.4108 6.8009 Oriented
531.090 429.269 20.3763 6.8009 Hadith

319.500 442.259 27.6019 6.8009 Research

357.200 442.259 17.9854 6.8009 Using

385.150 442.259 32.9889 6.8009 Relational,

428.470 442.259 36.7286 6.8009 Algorithmic

475.330 442.259 10.8835 6.8009 and

496.380 442.259 55.2517 6.8009 Data-warehousing

319.580 455.259 39.5028 6.8009 Techniques",
363.630 455.259 11.6120 6.8009 The
380.080 455.259 22.1062 6.8009 Islamic
406.870 455.259 24.4696 6.8009 Culture,
435.990 455.259 28.7373 6.8009 Quarterly
469.320 455.259 22.2926 6.8009 Journal
496.160 455.259 6.3696 6.8009 of
507.100 455.259 21.1152 6.8009 Shaikh
532.610 455.259 18.8946 6.8009 Zayed

319.140 468.279 22.7602 6.8009 Islamic
345.770 468.279 20.1652 6.8009 Center
370.160 468.279 8.8475 6.8009 for
382.990 468.279 22.7602 6.8009 Islamic
409.670 468.279 10.8835 6.8009 and
424.980 468.279 20.4064 6.8009 Arabic
449.480 468.279 24.2198 6.8009 Studies,
476.000 468.279 15.0948 6.8009 Vol.
495.540 468.279 9.3605 6.8009 19,
508.910 468.279 32.3655 6.8009 University
545.230 468.279 6.3696 6.8009 of

319.450 481.199 25.7140 6.8009 Karachi,
347.020 481.199 10.1386 6.8009 PP.
359.210 481.199 9.3620 6.8009 14,
370.520 481.199 16.7762 6.8009 2008.

319.810 503.579 12.2609 6.8009 [20]
334.950 503.579 15.7344 6.8009 H.M.
353.940 503.579 22.1898 6.8009 Alrazo,
379.060 503.579 3.0353 6.8009 "
387.990 502.136 14.7959 8.1663 p'1
405.760 502.136 12.0027 8.1663 ij..lJ
420.772 502.136 9.4868 8.1663 y..
430.258 502.136 13.1243 8.1663 ",.,J1
446.590 503.579 62.9434 6.8009 ;:jyJ'I'IComputerized
512.560 503.579 17.5576 6.8009 frame
532.930 503.579 6.4896 6.8009 of
542.350 503.579 9.2564 6.8009 the

319.270 516.529 29.2788 6.8008 Prophetic
350.820 516.529 29.4293 6.8008 tradition',
383.090 516.529 13.3369 6.8008 17th
399.360 516.529 25.8738 6.8008 National
428.130 516.529 35.8889 6.8008 conferences
467.150 516.529 8.7275 6.8008 for
478.660 516.529 28.5483 6.8008 computer
510.330 516.529 11.1328 6.8008 ,pp.
524.620 516.529 26.8631 6.8008 597-611.

319.420 529.619 26.6666 6.8008 Madenh:
347.880 529.619 27.7848 6.8008 scientific
377.600 529.619 31.9164 6.8008 publishing
411.092 529.619 37.2946 6.8008 center,2004.

319.810 551.899 12.2640 6.8008 [21]
334.830 551.899 29.6570 6.8008 H.Alrazo,
367.290 551.899 3.0353 6.8008 "
372.979 551.899 16.2560 6.8008 )I...,
389.240 551.899 5.6891 6.8008 I'I
397.710 551.899 17.7453 6.8008 ;UI
418.380 549.961 14.0182 8.1662 0)".
447.528 550.456 5.5808 8.1662 ",,
452.587 550.456 0.5213 8.1662 1

452.580 550.456 6.2620 8.1662 ...
458.848 550.456 12.3293 8.1662 )...
471.178 550.456 0.0000 8.1662 .J
471.206 550.456 1.2649 8.1662 1
475.380 551.899 15.9388 6.8008 I
494.220 551.899 32.9822 6.8008 wData
530.110 551.899 21.5311 6.8008 mining

319.540 565.009 33.2172 6.8008 application
355.850 565.009 7.4617 6.8008 on
366.350 565.009 9.1365 6.8008 the
378.400 565.009 22.3463 6.8008 Islamic
403.640 565.009 32.9304 6.8008 knowledge
439.570 565.009 27.6438 6.8008 reource",
470.240 565.009 14.9670 6.8008 2008
488.250 565.009 1.8351 6.8008 .
493.050 565.009 29.1635 6.8008 Retrieved
525.250 565.009 13.7679 6.8008 JAN
542.120 565.009 9.3589 6.8008 13,

319.620 577.989 16.7788 6.8008 2010,
338.250 577.989 14.6527 6.8008 from
354.780 577.989 22.0922 6.8008 Alukah
378.650 577.989 2.0066 6.8008 :
382.740 577.989 117.244 6.8008 http://www.alukah.netiCulture/0/3123/

319.810 600.379 12.1430 6.8008 [22]
335.150 600.379 32.3632 6.8008 M.Tahan,"
371.060 599.886 11.6268 6.8008 .>;'L..
382.693 599.886 5.7057 6.8008 'I'I
391.480 600.769 7.1393 5.1058 ....
398.619 600.769 0.0000 5.1058 .

398.600 598.936 1.2649 8.1662 1
399.960 597.819 9.7174 8.1662 .)0)
412.740 599.448 18.4089 6.8008 I
434.470 598.486 13.3301 8.1662 J"...
447.800 598.486 0.0000 8.1662 .
447.800 598.486 6.2411 8.1662 i",
461.060 600.379 23.5873 6.8008 Riyadh:
488.180 600.379 28.3308 6.8008 AI-Maref
519.760 600.379 32.0370 6.8008 publishing

319.490 613.329 18.7039 6.8008 ,1996.

319.810 635.629 12.2608 6.8008 [23]
336.590 635.629 8.4549 6.8008 M.
347.000 635.629 19.8894 6.8008 Boisot
368.750 635.629 10.7635 6.8008 and
381.540 635.629 32.5421 6.8008 A.Canals,"
420.880 635.629 16.2222 6.8008 Data,
438.910 635.629 35.6640 6.8008 information
476.530 635.629 10.7635 6.8008 and
489.040 635.629 35.3524 6.8008 knowledge:

319.600 644.379 13.8865 6.8008 have
335.310 644.379 8.7323 6.8008 we
346.150 644.379 9.7006 6.8008 got
357.550 644.379 4.3136 6.8008 it
363.620 644.379 22.7217 6.8008 right?",
387.960 644.379 2.9782 6.8008 J
392.920 644.379 14.4526 6.8008 Evol
409.010 644.379 15.4280 6.8008 Econ
426.350 644.379 35.3831 6.8008 ,vol.(14)pp.
463.690 644.379 37.5280 6.8008 43-67,2004.

72.3700 778.234 33.4600 6.4750 Authorized
107.776 778.234 25.6760 6.4750 licensed
135.398 778.234 11.2840 6.4750 use
148.628 778.234 20.2230 6.4750 limited
170.797 778.234 7.7840 6.4750 to:
180.527 778.234 50.1830 6.4750 Fernuniversitaet
232.656 778.234 22.5680 6.4750 Hagen.
257.170 778.234 38.9060 6.4750 Downloaded
298.022 778.234 7.7840 6.4750 on
307.752 778.234 32.2840 6.4750 November
341.982 778.234 25.2980 6.4750 16,2022
369.226 778.234 5.8380 6.4750 at
377.010 778.234 27.2440 6.4750 09:43:08
406.200 778.234 14.3850 6.4750 UTC
422.531 778.234 14.0000 6.4750 from
438.477 778.234 15.9530 6.4750 IEEE
456.376 778.234 22.1760 6.4750 Xplore.
482.444 778.234 36.5610 6.4750 Restrictions
520.951 778.234 18.6760 6.4750 apply.
