612.000 792.000
202.680 58.8000 113.225 22.4640 Datamining
321.939 58.8000 27.9980 22.4640 for
355.972 58.8000 53.3610 22.4640 Yield

60.6002 119.131 42.7577 10.3334 Raymond
106.133 119.131 18.4611 10.3334 Van
127.370 119.131 32.1003 10.3334 Roijen,
162.125 119.131 30.6303 10.3334 Jeffery
195.407 119.131 10.1198 10.3334 B.
208.303 119.131 38.2268 10.3334 Maxson,
249.305 119.131 36.0296 10.3334 Michael
288.033 119.131 56.5203 10.3334 Brodfuehrer,
347.329 119.131 26.2536 10.3334 Bruce
376.358 119.131 24.7220 10.3334 Dyer,
403.856 119.131 34.2974 10.3334 Colleen
440.808 119.131 41.7947 10.3334 Meagher,
485.378 119.131 18.3553 10.3334 Min
506.509 119.131 18.6043 10.3334 Dai,
527.768 119.131 26.3374 10.3334 Javier

63.1181 131.727 28.9797 10.3334 Ayala,
94.8778 131.727 31.1394 10.3334 Gasner
128.826 131.727 41.2636 10.3334 Barthold,
172.748 131.727 36.0362 10.3334 Michael
211.564 131.727 52.7849 10.3334 Steigerwalt,
267.129 131.727 31.6859 10.3334 Lingjie
301.531 131.727 29.0183 10.3334 Wang,
333.322 131.727 26.9192 10.3334 David
363.021 131.727 47.3614 10.3334 McCarthy,
413.042 131.727 24.0102 10.3334 Trejo
439.832 131.727 20.1602 10.3334 Rust
462.772 131.727 15.8463 10.3334 and
481.398 131.727 31.1868 10.3334 Randal
515.365 131.727 33.5206 10.3334 Bakken

292.200 146.188 14.9311 9.3226 Fab
309.720 146.188 10.0104 9.3226 10

257.635 157.712 96.6017 9.3226 GLOBALFOUNDRIES

232.435 169.235 38.7542 9.3226 Hopewell
273.747 169.235 36.2869 9.3226 Junction,
312.591 169.235 14.3923 9.3226 NY
329.541 169.235 27.4356 9.3226 12533,
359.535 169.235 19.9045 9.3226 USA

220.556 180.759 170.765 9.3226 Raymond.vanroijen@globalfoundries.com

58.9200 225.261 40.0624 9.9630 Abstract—
102.714 226.800 6.4854 8.4240 A
112.932 226.800 20.3654 8.4240 small
137.030 226.800 12.9188 8.4240 but
153.797 226.800 37.4467 8.4240 persistent
194.973 226.800 22.4619 8.4240 signal
221.183 226.800 7.5041 8.4240 in
232.333 226.800 22.1475 8.4240 wafer
258.213 226.800 13.4452 8.4240 slot
275.504 226.800 21.3903 8.4240 order

45.3563 237.123 14.6506 8.4240 was
64.1865 237.123 34.4644 8.4240 observed
102.893 237.123 7.4340 8.4240 at
114.652 237.123 38.9306 8.4240 functional
157.928 237.123 15.8291 8.4240 test,
178.084 237.123 33.3416 8.4240 affecting
215.813 237.123 18.0173 8.4240 logic
238.157 237.123 20.7444 8.4240 yield.
263.229 237.123 34.0261 8.4240 Through

45.3563 247.563 22.0972 8.4240 wafer
71.6115 247.563 13.4119 8.4240 slot
89.2354 247.563 58.8702 8.4240 Randomization
152.380 247.563 7.4403 8.4240 at
164.032 247.563 26.9747 8.4240 several
195.230 247.563 40.4756 8.4240 operations
239.863 247.563 7.6397 8.4240 in
251.623 247.563 11.9055 8.4240 the
267.804 247.563 20.4462 8.4240 route
292.544 247.563 4.4913 8.4240 a

45.3563 257.886 28.4227 8.4240 process
76.5286 257.886 15.5471 8.4240 step
94.6348 257.886 24.4938 8.4240 within
121.687 257.886 24.3994 8.4240 high-k
148.915 257.886 21.4540 8.4240 metal
173.012 257.886 15.9791 8.4240 gate
191.634 257.886 38.4509 8.4240 formation
232.645 257.886 14.6542 8.4240 was
249.942 257.886 36.9580 8.4240 suspected
289.577 257.886 7.4852 8.4240 to

45.3563 268.209 8.9089 8.4240 be
58.9200 268.209 28.9922 8.4240 causing
92.6551 268.209 12.0259 8.4240 the
109.335 268.209 33.2212 8.4240 degrade,
147.272 268.209 12.9691 8.4240 but
165.047 268.209 48.9282 8.4240 conventional
218.684 268.209 43.9159 8.4240 approaches
267.378 268.209 12.4409 8.4240 did
284.542 268.209 12.3493 8.4240 not

45.3563 278.532 23.4221 8.4240 reveal
71.5621 278.532 11.9891 8.4240 the
86.2891 278.532 16.0124 8.4240 root
105.039 278.532 23.2461 8.4240 cause.
131.076 278.532 10.6120 8.4240 By
144.515 278.532 40.2429 8.4240 combining
187.701 278.532 43.8387 8.4240 datamining
234.367 278.532 17.1954 8.4240 with
254.243 278.532 4.4913 8.4240 a
261.473 278.532 35.5783 8.4240 thorough

45.3563 288.972 30.5417 8.4240 analysis
81.4008 288.972 7.4583 8.4240 of
94.3546 288.972 22.9389 8.4240 sector
122.905 288.972 14.4656 8.4240 and
142.928 288.972 34.9172 8.4240 electrical
183.387 288.972 16.9385 8.4240 data
205.821 288.972 10.7082 8.4240 we
222.026 288.972 36.3625 8.4240 identified
263.946 288.972 4.4913 8.4240 a
273.932 288.972 23.0449 8.4240 defect

45.3563 299.295 43.5656 8.4240 mechanism
93.1967 299.295 46.7293 8.4240 exacerbated
144.405 299.295 9.4057 8.4240 by
158.436 299.295 12.0115 8.4240 the
174.999 299.295 20.3438 8.4240 delay
199.968 299.295 31.6637 8.4240 between
236.111 299.295 15.9684 8.4240 gate
256.748 299.295 21.2196 8.4240 metal
282.519 299.295 14.4665 8.4240 and

45.3563 309.618 41.0146 8.4240 polysilicon
93.8524 309.618 41.6667 8.4240 deposition.
142.993 309.618 10.6067 8.4240 By
161.110 309.618 33.2644 8.4240 applying
201.885 309.618 4.4913 8.4240 a
213.877 309.618 28.5126 8.4240 process
249.864 309.618 29.1827 8.4240 change,
286.638 309.618 10.5869 8.4240 we

45.3563 319.941 38.4653 8.4240 addressed
86.0313 319.941 12.0313 8.4240 the
100.319 319.941 18.5024 8.4240 issue
121.079 319.941 14.4755 8.4240 and
137.881 319.941 33.4305 8.4240 achieved
173.511 319.941 18.5563 8.4240 yield
194.277 319.941 53.7402 8.4240 improvement.

59.0368 338.805 103.400 9.9630 Keywords—Semiconductor,
164.634 338.805 21.2367 9.9630 Yield,
188.199 338.805 44.4369 9.9630 Datamining

132.360 364.588 5.8452 9.3226 I.
146.038 364.588 60.9806 9.3226 INTRODUCTION

59.7597 379.708 10.9955 9.3226 As
74.5467 379.708 25.1453 9.3226 high-k
103.561 379.708 22.0119 9.3226 metal
129.446 379.708 16.4222 9.3226 gate
149.613 379.708 18.9163 9.3226 [1,2]
172.302 379.708 14.2203 9.3226 and
190.276 379.708 20.3607 9.3226 other
214.290 379.708 24.2406 9.3226 recent
242.246 379.708 54.8961 9.3226 developments

45.3654 390.624 27.4873 9.3226 mature
77.6860 390.624 8.2628 9.3226 as
90.5991 390.624 57.6815 9.3226 manufacturing
152.913 390.624 44.0556 9.3226 technology
201.601 390.624 12.1119 9.3226 the
218.307 390.624 29.7429 9.3226 process
252.700 390.624 44.3827 9.3226 complexity

45.3654 401.540 22.0209 9.3226 poses
72.6321 401.540 4.4137 9.3226 a
82.3552 401.540 37.9301 9.3226 challenge
125.713 401.540 21.2842 9.3226 when
152.464 401.540 11.3673 9.3226 we
169.379 401.540 11.1019 9.3226 try
185.709 401.540 7.6137 9.3226 to
198.789 401.540 30.6544 9.3226 identify
234.672 401.540 12.1238 9.3226 the
252.224 401.540 19.7693 9.3226 main
277.341 401.540 19.7365 9.3226 yield

45.3654 412.456 41.4432 9.3226 detractors.
91.1617 412.456 27.9694 9.3226 Failure
123.595 412.456 31.7678 9.3226 analysis
159.774 412.456 13.7282 9.3226 can
177.895 412.456 30.8354 9.3226 identify
213.004 412.456 30.4278 9.3226 defects,
247.777 412.456 12.6825 9.3226 but
264.774 412.456 12.1258 9.3226 the
281.245 412.456 15.9739 9.3226 root

45.3654 423.372 22.0288 9.3226 cause
71.1399 423.372 22.9334 9.3226 might
97.7475 423.372 12.7322 9.3226 not
114.076 423.372 9.3384 9.3226 be
127.041 423.372 33.7749 9.3226 obvious.
164.450 423.372 8.2350 9.3226 In
176.359 423.372 12.0562 9.3226 the
192.161 423.372 30.3035 9.3226 modern
226.128 423.372 14.6905 9.3226 Fab
244.612 423.372 52.3999 9.3226 environment,

45.3654 434.288 11.3693 9.3226 we
61.8055 434.288 18.6977 9.3226 have
85.5730 434.288 25.3580 9.3226 access
115.938 434.288 7.6156 9.3226 to
128.543 434.288 24.2168 9.3226 ample
157.710 434.288 29.6295 9.3226 process
192.227 434.288 19.0187 9.3226 data.
216.196 434.288 41.2513 9.3226 Combined
262.517 434.288 17.5127 9.3226 with
285.019 434.288 11.9787 9.3226 the

45.3654 445.205 29.7250 9.3226 process
78.5369 445.205 31.7937 9.3226 stability
113.759 445.205 35.0960 9.3226 achieved
152.403 445.205 7.7131 9.3226 in
163.425 445.205 29.6584 9.3226 volume
196.713 445.205 45.3976 9.3226 production,
245.628 445.205 5.5062 9.3226 it
254.615 445.205 6.6096 9.3226 is
264.552 445.205 32.5392 9.3226 possible

45.3654 456.121 7.7608 9.3226 to
56.1920 456.121 30.6405 9.3226 identify
89.7789 456.121 14.3267 9.3226 and
107.171 456.121 29.6176 9.3226 address
139.763 456.121 23.6939 9.3226 issues
166.312 456.121 14.9102 9.3226 that
184.220 456.121 12.0900 9.3226 are
199.338 456.121 26.2099 9.3226 visible
228.576 456.121 17.6737 9.3226 only
249.196 456.121 7.7608 9.3226 in
259.903 456.121 37.2700 9.3226 statistical

45.3654 467.038 34.3117 9.3226 analysis.

59.7697 483.960 15.4579 9.3226 The
78.4971 483.960 19.6440 9.3226 large
101.291 483.960 31.3821 9.3226 datasets
135.880 483.960 35.6964 9.3226 available
174.846 483.960 19.0943 9.3226 from
197.012 483.960 22.6332 9.3226 inline
222.915 483.960 14.2143 9.3226 and
240.399 483.960 39.9690 9.3226 functional
283.608 483.960 13.6865 9.3226 test

45.3654 494.876 16.6160 9.3226 data
64.9329 494.876 12.1397 9.3226 are
79.9047 494.876 39.5773 9.3226 especially
122.314 494.876 30.6366 9.3226 suitable
155.902 494.876 11.3951 9.3226 for
170.248 494.876 16.5405 9.3226 new
189.564 494.876 35.6298 9.3226 powerful
228.145 494.876 44.3002 9.3226 datamining
275.397 494.876 21.5765 9.3226 tools,

45.3654 505.792 14.8516 9.3226 that
68.0205 505.792 13.7849 9.3226 can
89.5583 505.792 15.8745 9.3226 find
113.184 505.792 47.3898 9.3226 connections
168.207 505.792 12.6109 9.3226 too
188.689 505.792 23.5150 9.3226 subtle
219.957 505.792 7.6087 9.3226 to
235.437 505.792 15.8745 9.3226 find
259.063 505.792 10.0124 9.3226 by
276.708 505.792 20.3767 9.3226 more

45.3654 516.708 51.1852 9.3226 conventional
99.0299 516.708 35.9400 9.3226 methods.

59.7697 533.630 8.3373 9.3226 In
70.8139 533.630 14.3098 9.3226 this
87.6099 533.630 24.4236 9.3226 paper,
114.829 533.630 11.3673 9.3226 we
128.866 533.630 32.9945 9.3226 describe
164.529 533.630 4.4137 9.3226 a
171.759 533.630 23.3977 9.3226 signal
197.796 533.630 35.8157 9.3226 observed
236.319 533.630 7.7329 9.3226 in
246.520 533.630 22.7058 9.3226 32nm
271.815 533.630 25.1711 9.3226 high-k

45.3764 544.547 21.9453 9.3226 metal
72.3219 544.547 16.4361 9.3226 gate
93.8298 544.547 43.8866 9.3226 technology
142.587 544.547 7.2091 9.3226 at
154.838 544.547 40.1171 9.3226 functional
199.878 544.547 13.6825 9.3226 test
218.441 544.547 14.3466 9.3226 and
237.788 544.547 11.3703 9.3226 we
254.230 544.547 20.9751 9.3226 show
280.025 544.547 17.1479 9.3226 how

45.3764 555.463 44.4294 9.3226 datamining
93.6002 555.463 15.2611 9.3226 was
112.536 555.463 18.1618 9.3226 used
134.244 555.463 7.6902 9.3226 to
145.490 555.463 30.8483 9.3226 connect
179.936 555.463 5.4058 9.3226 it
188.939 555.463 7.6902 9.3226 to
200.185 555.463 20.4045 9.3226 other
224.265 555.463 22.4125 9.3226 wafer
250.442 555.463 31.4726 9.3226 metrics.
285.470 555.463 11.6864 9.3226 By

45.3764 566.380 42.4383 9.3226 combining
90.5633 566.380 14.3317 9.3226 this
107.524 566.380 16.5286 9.3226 data
126.722 566.380 17.4302 9.3226 with
146.901 566.380 13.2670 9.3226 our
162.976 566.380 55.9478 9.3226 understanding
221.553 566.380 8.3483 9.3226 of
232.589 566.380 4.4137 9.3226 a
239.632 566.380 26.8551 9.3226 certain
269.236 566.380 17.0037 9.3226 type
288.790 566.380 8.3483 9.3226 of

45.3764 577.296 26.5897 9.3226 defect,
76.1680 577.296 11.3683 9.3226 we
91.7651 577.296 30.8662 9.3226 identify
126.660 577.296 12.1516 9.3226 the
142.894 577.296 16.0126 9.3226 root
162.990 577.296 22.0228 9.3226 cause
189.095 577.296 8.3483 9.3226 of
201.572 577.296 11.9787 9.3226 the
217.752 577.296 26.0886 9.3226 signal.
247.840 577.296 17.7940 9.3226 This
269.681 577.296 7.7359 9.3226 in
281.446 577.296 15.8476 9.3226 turn

45.3764 588.331 29.8164 9.3226 enables
81.6454 588.331 8.7817 9.3226 us
96.9989 588.331 7.6107 9.3226 to
111.163 588.331 25.2506 9.3226 devise
142.920 588.331 4.4137 9.3226 a
153.843 588.331 34.3017 9.3226 targeted,
194.659 588.331 34.5850 9.3226 effective
235.753 588.331 29.6176 9.3226 process
271.943 588.331 10.9647 9.3226 fix
289.332 588.331 7.6107 9.3226 to

45.3764 599.248 36.8605 9.3226 eliminate
84.6415 599.248 8.0222 9.3226 it.

104.653 624.566 9.2052 9.3226 II.
120.011 624.566 50.0638 9.3226 PROCESSING
171.960 624.628 28.6495 9.3226 ORDER
202.680 624.628 30.3362 9.3226 SIGNAL

59.7619 639.628 15.4480 9.3226 The
83.7560 639.628 22.6272 9.3226 32nm
114.849 639.628 25.1641 9.3226 high-k
148.683 639.628 21.9443 9.3226 metal
179.111 639.628 16.5216 9.3226 gate
204.235 639.628 44.0447 9.3226 technology
256.752 639.628 13.2481 9.3226 has
278.484 639.628 18.7782 9.3226 been

45.3676 650.544 54.5163 9.3226 manufactured
104.875 650.544 7.6852 9.3226 in
117.551 650.544 29.4615 9.3226 volume
152.085 650.544 7.6852 9.3226 in
164.761 650.544 14.8953 9.3226 Fab
184.648 650.544 9.8921 9.3226 10
199.531 650.544 11.4936 9.3226 for
215.996 650.544 4.4137 9.3226 a
225.483 650.544 30.2091 9.3226 number
260.683 650.544 8.3513 9.3226 of
273.886 650.544 23.2585 9.3226 years.

45.3676 661.460 23.7704 9.3226 When
72.4901 661.460 4.4137 9.3226 a
80.1704 661.460 26.8819 9.3226 certain
110.285 661.460 13.7839 9.3226 test
127.305 661.460 8.3542 9.3226 of
138.825 661.460 19.8160 9.3226 logic
161.993 661.460 19.5675 9.3226 yield
184.994 661.460 6.6226 9.3226 is
194.829 661.460 29.0808 9.3226 applied
227.262 661.460 7.6107 9.3226 to
238.306 661.460 4.4137 9.3226 a
245.986 661.460 19.7683 9.3226 large
269.107 661.460 27.9834 9.3226 sample

45.3676 672.377 8.3523 9.3226 of
58.8126 672.377 26.3560 9.3226 wafers
90.2991 672.377 19.4114 9.3226 from
114.695 672.377 4.4137 9.3226 a
124.303 672.377 23.5647 9.3226 single
152.943 672.377 32.7649 9.3226 product,
190.900 672.377 11.3723 9.3226 we
207.466 672.377 15.9043 9.3226 find
228.602 672.377 14.8714 9.3226 that
248.638 672.377 11.9439 9.3226 the
265.776 672.377 19.7554 9.3226 yield
290.654 672.377 6.5937 9.3226 is

45.3676 683.412 29.7558 9.3226 slightly
79.5123 683.412 22.4990 9.3226 lower
106.618 683.412 11.5870 9.3226 for
122.694 683.412 12.1258 9.3226 the
139.368 683.412 22.3907 9.3226 lower
166.247 683.412 14.4102 9.3226 slot
185.098 683.412 35.7183 9.3226 positions
225.365 683.412 33.6814 9.3226 (1,2,3,..)
263.654 683.412 16.9252 9.3226 than
285.128 683.412 11.9767 9.3226 the

45.3676 694.328 25.2745 9.3226 higher
73.5667 694.328 38.1369 9.3226 positions.
114.498 694.328 17.7592 9.3226 This
134.991 694.328 20.2782 9.3226 trend
158.245 694.328 6.6057 9.3226 is
167.584 694.328 39.4670 9.3226 illustrated
209.907 694.328 7.7091 9.3226 in
220.592 694.328 23.0338 9.3226 Fig.1.
246.540 694.328 15.8685 9.3226 Slot
265.286 694.328 31.8652 9.3226 position

45.3676 705.245 7.7160 9.3226 in
56.5461 705.245 14.3108 9.3226 this
74.1830 705.245 17.0286 9.3226 case
94.6014 705.245 25.1751 9.3226 means
123.238 705.245 12.1119 9.3226 the
138.739 705.245 31.7937 9.3226 position
173.995 705.245 7.7160 9.3226 in
185.174 705.245 11.9558 9.3226 the
200.472 705.245 28.2150 9.3226 carrier,
232.083 705.245 23.9792 9.3226 which
259.525 705.245 7.7160 9.3226 in
270.703 705.245 26.4455 9.3226 almost

315.011 226.329 9.9428 9.3226 all
331.433 226.329 20.9135 9.3226 cases
358.791 226.329 15.9222 9.3226 also
381.194 226.329 43.3349 9.3226 determines
431.130 226.329 11.9727 9.3226 the
449.584 226.329 20.9691 9.3226 order
477.079 226.329 7.7349 9.3226 in
491.241 226.329 24.0190 9.3226 which
521.980 226.329 26.2507 9.3226 wafers
554.712 226.329 12.0651 9.3226 are

315.011 237.245 39.0206 9.3226 processed
357.615 237.245 7.7170 9.3226 in
368.764 237.245 4.4137 9.3226 a
376.681 237.245 17.7264 9.3226 tool.
397.800 237.245 15.5822 9.3226 The
416.767 237.245 20.9761 9.3226 order
441.156 237.245 8.3523 9.3226 of
452.921 237.245 42.4333 9.3226 processing
498.787 237.245 15.2154 9.3226 will
517.585 237.245 14.7452 9.3226 still
535.913 237.245 17.5823 9.3226 vary
556.808 237.245 10.0124 9.3226 by

315.011 248.161 15.4460 9.3226 tool
333.332 248.161 7.6872 9.3226 in
343.853 248.161 12.0542 9.3226 the
358.860 248.161 21.4254 9.3226 sense
383.239 248.161 14.7303 9.3226 that
400.844 248.161 5.4804 9.3226 it
409.199 248.161 13.7839 9.3226 can
425.818 248.161 9.4557 9.3226 be
438.058 248.161 4.9704 9.3226 1
445.980 248.161 7.6872 9.3226 to
456.502 248.161 9.8941 9.3226 25
469.348 248.161 8.2340 9.3226 or
480.515 248.161 9.8941 9.3226 25
493.362 248.161 7.6087 9.3226 to
503.923 248.161 7.4089 9.3226 1,
514.286 248.161 8.2340 9.3226 or
525.473 248.161 12.0542 9.3226 the
540.481 248.161 26.3461 9.3226 wafers

315.011 259.077 23.0279 9.3226 might
342.357 259.077 9.4398 9.3226 be
356.024 259.077 38.9411 9.3226 processed
399.341 259.077 59.7889 9.3226 simultaneously
463.276 259.077 7.7310 9.3226 in
475.273 259.077 4.4137 9.3226 a
483.943 259.077 23.8301 9.3226 batch.
512.129 259.077 19.1708 9.3226 Note
535.646 259.077 14.7899 9.3226 that
554.634 259.077 11.9707 9.3226 the

315.011 269.994 19.6589 9.3226 yield
337.743 269.994 8.3533 9.3226 of
349.149 269.994 26.3004 9.3226 wafers
378.421 269.994 7.7081 9.3226 in
389.103 269.994 31.9776 9.3226 position
423.915 269.994 9.9150 9.3226 25
436.902 269.994 6.6047 9.3226 is
446.601 269.994 15.8894 9.3226 also
465.464 269.994 41.4859 9.3226 depressed,
509.864 269.994 12.7302 9.3226 but
525.568 269.994 14.2869 9.3226 this
542.830 269.994 6.6047 9.3226 is
552.409 269.994 14.3028 9.3226 due

315.011 280.910 7.6823 9.3226 to
325.162 280.910 34.0781 9.3226 different
361.522 280.910 29.7876 9.3226 reasons
393.678 280.910 24.0021 9.3226 which
420.148 280.910 12.2162 9.3226 are
434.714 280.910 12.7212 9.3226 not
449.784 280.910 37.8446 9.3226 discussed
490.217 280.910 19.4502 9.3226 here.

315.000 448.651 12.5632 7.5254 Fig.
329.636 448.651 6.0842 7.5254 1.
341.641 448.651 28.5600 7.5254 Example
373.118 448.651 6.6314 7.5254 of
382.721 448.651 9.9103 7.5254 the
395.548 448.651 15.7778 7.5254 yield
414.378 448.651 8.0767 7.5254 by
425.282 448.651 11.4686 7.5254 slot
439.804 448.651 25.8389 7.5254 position
468.695 448.651 5.7102 7.5254 at
477.459 448.651 32.4936 7.5254 functional
512.765 448.651 11.1083 7.5254 test
526.927 448.651 19.5076 7.5254 (‘scan
549.366 448.651 17.3650 7.5254 chain

315.000 457.889 21.2697 7.5254 yield’)
341.037 457.889 9.2924 7.5254 for
355.098 457.889 3.5629 7.5254 a
363.503 457.889 16.0819 7.5254 large
384.306 457.889 22.7422 7.5254 sample
411.770 457.889 6.7486 7.5254 of
423.407 457.889 21.1293 7.5254 wafers
449.305 457.889 28.0296 7.5254 (>1250).
482.167 457.889 12.4396 7.5254 The
499.328 457.889 12.8809 7.5254 first
516.938 457.889 29.0359 7.5254 positions
550.653 457.889 15.7730 7.5254 yield

315.000 467.127 33.3891 7.5254 noticeably
350.253 467.127 20.1230 7.5254 lower.

394.442 511.707 12.5652 9.3226 III.
411.480 511.707 69.2515 9.3226 RANDOMIZATION

329.401 526.828 23.8192 9.3226 When
355.926 526.828 4.4137 9.3226 a
363.128 526.828 14.2442 9.3226 slot
380.010 526.828 20.7932 9.3226 order
403.489 526.828 47.4087 9.3226 dependency
453.604 526.828 8.3175 9.3226 as
464.526 526.828 14.9311 9.3226 that
482.095 526.828 8.3175 9.3226 of
493.099 526.828 15.7661 9.3226 Fig.
511.541 526.828 4.9704 9.3226 1
519.217 526.828 6.6673 9.3226 is
528.608 526.828 38.0931 9.3226 observed,

314.997 537.744 57.2332 9.3226 randomization
375.063 537.744 6.6236 9.3226 is
384.538 537.744 9.3772 9.3226 an
396.748 537.744 35.7829 9.3226 excellent
435.287 537.744 16.4958 9.3226 way
454.616 537.744 7.7270 9.3226 to
465.414 537.744 15.9440 9.3226 find
484.352 537.744 12.1337 9.3226 the
499.270 537.744 20.4482 9.3226 point
522.592 537.744 8.3523 9.3226 of
533.757 537.744 21.9085 9.3226 cause
558.571 537.744 8.3523 9.3226 of

314.997 548.660 12.1258 9.3226 the
332.552 548.660 22.1908 9.3226 issue.
360.052 548.660 19.9681 9.3226 With
385.250 548.660 59.5066 9.3226 randomization,
450.195 548.660 12.1258 9.3226 the
467.632 548.660 26.2904 9.3226 wafers
499.170 548.660 12.0960 9.3226 are
516.576 548.660 37.8228 9.3226 reordered
559.708 548.660 7.2061 9.3226 at

314.997 559.577 27.0599 9.3226 certain
346.565 559.577 34.0512 9.3226 intervals
385.262 559.577 43.2812 9.3226 throughout
433.222 559.577 11.9747 9.3226 the
449.906 559.577 32.1088 9.3226 process.
486.612 559.577 15.4540 9.3226 The
506.814 559.577 20.3498 9.3226 point
531.724 559.577 8.3473 9.3226 of
544.678 559.577 21.9523 9.3226 cause

314.997 570.493 15.3516 9.3226 will
335.261 570.493 9.3762 9.3226 be
349.429 570.493 33.5253 9.3226 revealed
387.866 570.493 31.3761 9.3226 because
424.035 570.493 12.1318 9.3226 the
441.000 570.493 20.3359 9.3226 trend
466.128 570.493 35.7849 9.3226 observed
506.825 570.493 7.1693 9.3226 at
518.798 570.493 13.7163 9.3226 test
537.426 570.493 15.2323 9.3226 will
557.450 570.493 9.4547 9.3226 be

314.997 581.409 38.5136 9.3226 preserved
358.856 581.409 17.6310 9.3226 only
381.713 581.409 11.6019 9.3226 for
398.640 581.409 14.8297 9.3226 that
418.747 581.409 15.4748 9.3226 part
439.500 581.409 8.3453 9.3226 of
453.170 581.409 12.0403 9.3226 the
470.557 581.409 20.2633 9.3226 route
496.247 581.409 14.7502 9.3226 that
516.343 581.409 32.9378 9.3226 contains
554.508 581.409 12.0403 9.3226 the

314.997 592.326 38.5355 9.3226 offending
355.875 592.326 50.2567 9.3226 operation(s).

329.401 609.248 8.3284 9.3226 In
340.799 609.248 14.3018 9.3226 this
358.068 609.248 19.4223 9.3226 case,
380.529 609.248 11.3683 9.3226 we
395.047 609.248 23.1462 9.3226 found
421.262 609.248 14.8486 9.3226 that
439.112 609.248 12.1059 9.3226 the
454.248 609.248 24.1114 9.3226 defect
481.360 609.248 34.5960 9.3226 occurred
519.025 609.248 7.7131 9.3226 in
529.688 609.248 12.1059 9.3226 the
544.825 609.248 21.9950 9.3226 range

314.997 620.164 8.3542 9.3226 of
327.957 620.164 41.2662 9.3226 operations
373.877 620.164 32.8901 9.3226 defining
411.522 620.164 11.9280 9.3226 the
428.206 620.164 39.2135 9.3226 gatestack,
472.175 620.164 19.2573 9.3226 from
495.941 620.164 41.2484 9.3226 deposition
541.695 620.164 8.3542 9.3226 of
554.655 620.164 11.9687 9.3226 the

314.997 631.080 36.7859 9.3226 gatestack
357.891 631.080 7.7220 9.3226 to
371.720 631.080 12.1238 9.3226 the
389.952 631.080 41.2563 9.3226 deposition
437.275 631.080 8.3473 9.3226 of
451.789 631.080 38.3884 9.3226 hardmask
496.404 631.080 23.6183 9.3226 layers
526.108 631.080 18.0247 9.3226 after
550.299 631.080 16.4461 9.3226 gate

314.997 641.996 44.0039 9.3226 polysilicon
363.507 641.996 43.7773 9.3226 deposition.
411.880 641.996 6.1186 9.3226 It
422.676 641.996 6.6166 9.3226 is
433.827 641.996 32.5114 9.3226 possible
471.045 641.996 7.6117 9.3226 to
483.401 641.996 23.0428 9.3226 refine
511.110 641.996 14.3227 9.3226 this
530.099 641.996 21.9990 9.3226 result
556.656 641.996 10.0054 9.3226 by

314.997 652.912 27.0519 9.3226 adding
348.489 652.912 20.2802 9.3226 more
375.157 652.912 57.2620 9.3226 randomization
438.725 652.912 26.5459 9.3226 points,
471.667 652.912 12.7143 9.3226 but
490.821 652.912 11.3653 9.3226 we
508.693 652.912 30.7638 9.3226 decided
545.882 652.912 9.9000 9.3226 on
562.222 652.912 4.4137 9.3226 a

314.997 663.828 34.1665 9.3226 different
352.835 663.828 29.5411 9.3226 method
386.165 663.828 20.2623 9.3226 since
410.099 663.828 5.4784 9.3226 it
419.180 663.828 24.7725 9.3226 would
447.622 663.828 16.4958 9.3226 take
467.789 663.828 4.4137 9.3226 a
475.874 663.828 17.6976 9.3226 very
497.123 663.828 17.5783 9.3226 long
518.372 663.828 17.4103 9.3226 time
539.534 663.828 11.4936 9.3226 for
554.797 663.828 11.9807 9.3226 the

314.997 674.745 24.3043 9.3226 newly
343.326 674.745 46.7695 9.3226 randomized
394.370 674.745 14.2800 9.3226 lots
412.702 674.745 7.6107 9.3226 to
424.587 674.745 12.0781 9.3226 get
440.741 674.745 7.6991 9.3226 to
452.606 674.745 40.1171 9.3226 functional
496.800 674.745 13.6517 9.3226 test
514.647 674.745 7.6107 9.3226 to
526.412 674.745 24.2406 9.3226 reveal
554.730 674.745 11.9687 9.3226 the

314.997 685.661 21.0248 9.3226 exact
338.305 685.661 20.4065 9.3226 point
361.144 685.661 8.3135 9.3226 of
371.789 685.661 24.4633 9.3226 cause.

297.660 746.000 16.6800 10.0000 315

54.0000 746.000 132.860 10.0000 978-1-5090-5448-0/17/$31.00
189.640 746.000 29.6100 10.0000 ©2017
222.030 746.000 22.7900 10.0000 IEEE

503.540 744.450 29.4370 11.1600 ASMC
535.758 744.450 22.2370 11.1600 2017

76.0600 778.234 33.4600 6.4750 Authorized
111.466 778.234 25.6760 6.4750 licensed
139.088 778.234 11.2840 6.4750 use
152.318 778.234 20.2230 6.4750 limited
174.487 778.234 7.7840 6.4750 to:
184.217 778.234 50.1830 6.4750 Fernuniversitaet
236.346 778.234 22.5680 6.4750 Hagen.
260.860 778.234 38.9060 6.4750 Downloaded
301.712 778.234 7.7840 6.4750 on
311.442 778.234 24.8990 6.4750 October
338.287 778.234 25.2980 6.4750 11,2022
365.531 778.234 5.8380 6.4750 at
373.315 778.234 27.2440 6.4750 16:15:53
402.505 778.234 14.3850 6.4750 UTC
418.836 778.234 14.0000 6.4750 from
434.782 778.234 15.9530 6.4750 IEEE
452.681 778.234 22.1760 6.4750 Xplore.
478.749 778.234 36.5610 6.4750 Restrictions
517.256 778.234 18.6760 6.4750 apply.

59.7600 55.4688 31.3264 9.3226 Initially
98.5997 55.4688 11.3723 9.3226 we
117.686 55.4688 38.8556 9.3226 attempted
164.214 55.4688 7.6087 9.3226 to
179.335 55.4688 39.4998 9.3226 determine
226.509 55.4688 12.1337 9.3226 the
246.108 55.4688 22.0507 9.3226 cause
275.743 55.4688 21.5139 9.3226 using

45.3558 66.3850 51.1554 9.3226 conventional
100.066 66.3850 35.9191 9.3226 methods,
139.420 66.3850 10.0134 9.3226 by
152.867 66.3850 46.2327 9.3226 considering
202.535 66.3850 12.0582 9.3226 the
218.148 66.3850 24.1412 9.3226 ‘usual
245.844 66.3850 36.1050 9.3226 suspects’
285.504 66.3850 11.5015 9.3226 for

45.3558 77.3011 14.2452 9.3226 this
66.8816 77.3011 16.9769 9.3226 type
91.2097 77.3011 8.3493 9.3226 of
106.808 77.3011 25.9862 9.3226 signal.
140.025 77.3011 23.2237 9.3226 Batch
170.399 77.3011 41.3527 9.3226 operations
218.920 77.3011 12.0980 9.3226 are
238.418 77.3011 26.8262 9.3226 known
272.633 77.3011 7.6942 9.3226 to
287.608 77.3011 9.4527 9.3226 be

45.3558 88.2173 44.0308 9.3226 susceptible
92.6571 88.2173 7.6147 9.3226 to
103.699 88.2173 41.6778 9.3226 systematic
148.765 88.2173 59.0772 9.3226 wafer-to-wafer
211.231 88.2173 37.5484 9.3226 variation.
252.058 88.2173 29.6594 9.3226 Among
285.026 88.2173 11.9767 9.3226 the

45.3558 99.1334 41.2682 9.3226 operations
89.8319 99.1334 11.4677 9.3226 for
104.589 99.1334 36.8446 9.3226 gatestack
144.742 99.1334 38.9143 9.3226 formation
186.966 99.1334 14.7999 9.3226 that
205.008 99.1334 11.3683 9.3226 we
219.767 99.1334 12.0960 9.3226 are
235.253 99.1334 46.6323 9.3226 scrutinizing
284.956 99.1334 12.1258 9.3226 the

45.3558 110.049 29.6474 9.3226 furnace
78.5123 110.049 41.3647 9.3226 deposition
123.304 110.049 8.3473 9.3226 of
135.178 110.049 44.0646 9.3226 polysilicon
182.790 110.049 6.6186 9.3226 is
192.854 110.049 14.3684 9.3226 one
210.851 110.049 14.8754 9.3226 that
229.205 110.049 22.0407 9.3226 could
254.834 110.049 42.2991 9.3226 potentially

45.3558 120.965 22.0328 9.3226 cause
72.8153 120.965 56.0621 9.3226 though-FOUP
134.508 120.965 25.9355 9.3226 issues.
165.879 120.965 15.4500 9.3226 The
186.755 120.965 31.7797 9.3226 analysis
224.009 120.965 14.8486 9.3226 that
244.255 120.965 35.2073 9.3226 absolved
284.927 120.965 11.9707 9.3226 the

45.3558 131.881 29.6912 9.3226 furnace
77.4725 131.881 6.6285 9.3226 is
86.4729 131.881 37.9947 9.3226 discussed
126.940 131.881 7.7320 9.3226 in
137.190 131.881 12.1437 9.3226 the
151.760 131.881 29.0729 9.3226 Results
183.351 131.881 28.0102 9.3226 section
213.759 131.881 26.6105 9.3226 below.

59.7600 148.804 20.8647 9.3226 After
84.6359 148.804 13.2740 9.3226 our
101.941 148.804 51.0778 9.3226 conventional
156.932 148.804 33.6168 9.3226 attempts
194.478 148.804 7.6176 9.3226 to
206.127 148.804 15.8715 9.3226 find
226.030 148.804 12.0522 9.3226 the
241.995 148.804 22.0477 9.3226 cause
267.956 148.804 12.6586 9.3226 did
284.646 148.804 12.6089 9.3226 not

45.3558 159.720 16.4461 9.3226 lead
69.9086 159.720 7.7220 9.3226 to
85.7790 159.720 4.4137 9.3226 a
98.1424 159.720 42.0874 9.3226 resolution,
148.306 159.720 11.3663 9.3226 we
167.861 159.720 30.7310 9.3226 decided
206.698 159.720 7.7220 9.3226 to
222.569 159.720 22.0069 9.3226 apply
252.563 159.720 44.4672 9.3226 datamining

45.3558 170.636 44.8678 9.3226 techniques.

132.596 195.955 13.0423 9.3226 IV.
149.873 195.955 53.4302 9.3226 DATAMINING

59.7547 211.108 19.3925 9.3226 Now
81.6831 211.108 14.9142 9.3226 that
99.3579 211.108 11.3673 9.3226 we
113.513 211.108 44.4443 9.3226 determined
160.784 211.108 14.8227 9.3226 that
178.305 211.108 11.9747 9.3226 the
193.041 211.108 22.0189 9.3226 cause
217.820 211.108 13.6895 9.3226 lies
234.115 211.108 25.1890 9.3226 within
262.064 211.108 4.4137 9.3226 a
269.239 211.108 27.9158 9.3226 limited

45.3505 222.024 11.0422 9.3226 set
58.9147 222.024 8.3105 9.3226 of
69.5564 222.024 43.7246 9.3226 operations,
115.830 222.024 11.3693 9.3226 we
129.871 222.024 18.0495 9.3226 used
150.510 222.024 4.4137 9.3226 a
157.475 222.024 54.5173 9.3226 commercially
214.463 222.024 35.6298 9.3226 available
252.644 222.024 44.5626 9.3226 datamining

45.3505 232.941 15.4699 9.3226 tool
67.1765 232.941 9.9945 9.3226 on
83.4854 232.941 4.4137 9.3226 a
94.2851 232.941 19.1559 9.3226 wide
119.975 232.941 27.4128 9.3226 variety
153.702 232.941 8.3344 9.3226 of
168.450 232.941 34.2898 9.3226 relevant,
209.134 232.941 35.6517 9.3226 available
251.200 232.941 19.3030 9.3226 data:
276.859 232.941 20.2842 9.3226 Fault

45.3505 243.858 38.6846 9.3226 Detection
91.0623 243.858 14.2183 9.3226 and
112.396 243.858 54.3026 9.3226 Classification
173.606 243.858 25.8600 9.3226 (FDC)
206.582 243.858 11.4657 9.3226 [3]
225.163 243.858 15.3307 9.3226 tool
247.490 243.858 18.9372 9.3226 data,
273.543 243.858 23.5647 9.3226 sector

45.3505 254.775 59.0543 9.3226 measurements,
108.756 254.775 24.2218 9.3226 defect
137.179 254.775 36.3416 9.3226 detection
177.670 254.775 19.0207 9.3226 data,
200.930 254.775 12.1278 9.3226 the
217.288 254.775 19.2315 9.3226 tools
240.806 254.775 14.2153 9.3226 and
259.254 254.775 37.9281 9.3226 chambers

45.3505 265.691 18.1807 9.3226 used
67.3246 265.691 7.6097 9.3226 to
78.7277 265.691 30.1266 9.3226 execute
112.600 265.691 29.6455 9.3226 process
145.937 265.691 19.8259 9.3226 steps
169.455 265.691 14.2233 9.3226 and
187.472 265.691 22.4573 9.3226 inline
213.675 265.691 13.6795 9.3226 test
230.951 265.691 16.5067 9.3226 data
251.203 265.691 14.2233 9.3226 and
269.220 265.691 27.9466 9.3226 several

45.3505 276.608 26.7616 9.3226 others.
78.7466 276.608 15.5852 9.3226 The
101.036 276.608 44.4423 9.3226 datamining
152.303 276.608 15.5086 9.3226 tool
174.528 276.608 36.8058 9.3226 identifies
218.158 276.608 27.4416 9.3226 signals
252.424 276.608 14.8635 9.3226 that
274.003 276.608 23.0487 9.3226 might

45.3505 287.524 29.2120 9.3226 explain
77.2863 287.524 12.0761 9.3226 the
92.2661 287.524 40.0574 9.3226 functional
135.047 287.524 13.7610 9.3226 test
151.443 287.524 18.9243 9.3226 data.
173.160 287.524 19.9045 9.3226 With
195.777 287.524 12.0761 9.3226 the
210.696 287.524 19.7782 9.3226 large
233.198 287.524 29.6743 9.3226 amount
265.716 287.524 8.3533 9.3226 of
276.762 287.524 20.2951 9.3226 input

45.3505 298.440 16.5425 9.3226 data
68.4042 298.440 11.3693 9.3226 we
86.4040 298.440 13.8595 9.3226 can
106.693 298.440 25.8878 9.3226 expect
139.141 298.440 20.7335 9.3226 some
166.385 298.440 19.3070 9.3226 level
192.054 298.440 8.3493 9.3226 of
206.933 298.440 18.5664 9.3226 false
232.059 298.440 35.1308 9.3226 positives
273.639 298.440 7.6156 9.3226 to
287.684 298.440 9.4527 9.3226 be

45.3505 309.476 41.0277 9.3226 generated.
91.6876 309.476 15.4579 9.3226 The
112.585 309.476 22.0050 9.3226 result
139.990 309.476 13.8774 9.3226 can
159.098 309.476 9.3334 9.3226 be
173.862 309.476 33.5432 9.3226 depicted
212.873 309.476 8.3204 9.3226 as
226.561 309.476 4.4137 9.3226 a
236.405 309.476 19.6540 9.3226 large
261.499 309.476 21.9990 9.3226 cloud
288.966 309.476 8.3204 9.3226 of

45.3505 320.392 32.5124 9.3226 possible
83.1315 320.392 38.0275 9.3226 solutions,
126.476 320.392 17.4302 9.3226 with
149.175 320.392 12.1258 9.3226 the
166.569 320.392 35.8266 9.3226 strongest
207.545 320.392 31.4209 9.3226 positive
244.156 320.392 14.3326 9.3226 and
263.757 320.392 33.3454 9.3226 negative

45.3505 331.308 46.7019 9.3226 correlations
94.5366 331.308 7.2071 9.3226 at
104.261 331.308 18.1797 9.3226 each
124.907 331.308 16.7622 9.3226 end,
144.225 331.308 8.3105 9.3226 as
155.020 331.308 33.4925 9.3226 depicted
191.098 331.308 7.7638 9.3226 in
201.447 331.308 15.6329 9.3226 Fig.
219.636 331.308 7.4019 9.3226 2.
229.594 331.308 19.8398 9.3226 Each
251.900 331.308 20.3906 9.3226 point
274.840 331.308 7.7638 9.3226 in
285.070 331.308 12.1238 9.3226 the

45.3505 342.225 22.0149 9.3226 cloud
69.9291 342.225 40.0067 9.3226 represents
112.423 342.225 12.0960 9.3226 the
127.082 342.225 42.6868 9.3226 correlation
172.333 342.225 8.3483 9.3226 of
183.250 342.225 20.7305 9.3226 some
206.531 342.225 8.3483 9.3226 of
217.448 342.225 12.0960 9.3226 the
232.108 342.225 35.6646 9.3226 collected
270.336 342.225 16.4371 9.3226 data
289.337 342.225 7.6574 9.3226 to

45.3505 353.141 12.0761 9.3226 the
59.9724 353.141 40.1131 9.3226 functional
102.482 353.141 25.9932 9.3226 signal.

59.7547 370.063 24.3003 9.3226 Given
89.1745 370.063 11.9359 9.3226 the
106.300 370.063 17.5714 9.3226 very
128.861 370.063 19.7782 9.3226 large
153.758 370.063 30.2161 9.3226 number
189.063 370.063 8.3483 9.3226 of
202.381 370.063 34.5592 9.3226 potential
241.981 370.063 38.0434 9.3226 solutions,
285.144 370.063 11.9359 9.3226 the

45.3505 380.979 37.9768 9.3226 challenge
88.0025 380.979 6.6255 9.3226 is
99.1839 380.979 7.7290 9.3226 to
111.588 380.979 32.4130 9.3226 separate
148.556 380.979 12.1377 9.3226 the
165.200 380.979 43.4224 9.3226 misleading
213.298 380.979 14.1766 9.3226 and
232.150 380.979 12.1377 9.3226 the
248.876 380.979 48.2705 9.3226 coincidental

45.3505 391.896 19.3279 9.3226 from
67.5056 391.896 12.1168 9.3226 the
82.6474 391.896 15.3327 9.3226 true
101.006 391.896 24.4375 9.3226 cause.
128.358 391.896 8.3055 9.3226 In
139.488 391.896 12.1168 9.3226 the
154.630 391.896 32.3881 9.3226 authors’
189.824 391.896 32.7460 9.3226 opinion,
225.604 391.896 19.6709 9.3226 there
248.299 391.896 6.6554 9.3226 is
257.927 391.896 9.7658 9.3226 no
270.767 391.896 26.2576 9.3226 simple

45.3505 402.812 33.5741 9.3226 criterion
84.7370 402.812 11.4558 9.3226 for
102.005 402.812 57.6984 9.3226 accomplishing
165.515 402.812 16.6508 9.3226 this.
187.959 402.812 15.4639 9.3226 The
209.336 402.812 33.9518 9.3226 software
249.202 402.812 13.1179 9.3226 has
268.013 402.812 29.2637 9.3226 already

45.3505 413.728 21.5238 9.3226 taken
70.4182 413.728 16.4083 9.3226 care
90.3326 413.728 8.3354 9.3226 of
102.192 413.728 41.6201 9.3226 distortions
147.383 413.728 26.9813 9.3226 caused
177.900 413.728 9.9955 9.3226 by
191.320 413.728 25.8779 9.3226 outlier
220.722 413.728 16.4083 9.3226 data
240.754 413.728 14.2342 9.3226 and
258.643 413.728 20.6222 9.3226 such,
282.779 413.728 14.2054 9.3226 and

45.3505 424.645 19.7444 9.3226 there
68.1229 424.645 6.5898 9.3226 is
77.5577 424.645 9.9000 9.3226 no
90.4042 424.645 31.3573 9.3226 obvious
124.720 424.645 29.6633 9.3226 method
157.330 424.645 11.5095 9.3226 for
171.886 424.645 26.8272 9.3226 further
201.669 424.645 31.2559 9.3226 refining
235.884 424.645 12.0661 9.3226 the
250.978 424.645 27.6066 9.3226 search.
281.502 424.645 6.1196 9.3226 It
290.500 424.645 6.5898 9.3226 is

45.3505 435.561 12.0661 9.3226 the
59.9704 435.561 41.2752 9.3226 engineer’s
103.497 435.561 12.7342 9.3226 job
118.711 435.561 7.6176 9.3226 to
128.801 435.561 25.8133 9.3226 decide
157.049 435.561 10.0114 9.3226 on
169.413 435.561 12.0661 9.3226 the
183.960 435.561 30.1276 9.3226 validity
216.440 435.561 8.3513 9.3226 of
227.244 435.561 29.7797 9.3226 signals.

142.790 460.880 9.6813 9.3226 V.
158.517 460.880 35.9055 9.3226 RESULTS

59.7625 476.068 7.1773 9.3226 A
69.7202 476.068 19.4442 9.3226 view
91.8256 476.068 8.3523 9.3226 of
102.990 476.068 12.1139 9.3226 the
117.966 476.068 22.9135 9.3226 initial
143.624 476.068 22.1233 9.3226 result
168.501 476.068 6.6136 9.3226 is
177.978 476.068 25.7318 9.3226 shown
206.573 476.068 7.7170 9.3226 in
217.153 476.068 15.6955 9.3226 Fig.
235.592 476.068 7.4387 9.3226 2.
245.774 476.068 6.1255 9.3226 It
254.784 476.068 6.6136 9.3226 is
264.128 476.068 12.6705 9.3226 not
279.662 476.068 17.4849 9.3226 hard

45.3583 486.984 7.7220 9.3226 to
56.4284 486.984 30.6495 9.3226 identify
90.2649 486.984 37.9520 9.3226 irrelevant
131.455 486.984 59.7462 9.3226 autocorrelation
194.388 486.984 7.7220 9.3226 in
205.297 486.984 12.1238 9.3226 the
220.570 486.984 18.9193 9.3226 data.
242.647 486.984 15.5713 9.3226 The
261.487 486.984 35.5225 9.3226 strongest

45.3583 497.901 42.8637 9.3226 correlation
90.8573 497.901 15.2462 9.3226 will
108.745 497.901 9.4487 9.3226 be
120.861 497.901 17.4531 9.3226 with
140.957 497.901 15.5365 9.3226 tool
159.011 497.901 43.3846 9.3226 parameters
204.890 497.901 14.9172 9.3226 that
222.325 497.901 30.1823 9.3226 directly
254.974 497.901 25.2298 9.3226 reflect
282.846 497.901 14.3088 9.3226 slot

45.3583 508.817 34.3653 9.3226 position.
84.5608 508.817 19.9532 9.3226 With
109.381 508.817 12.1218 9.3226 the
126.451 508.817 38.4779 9.3226 exception
169.956 508.817 8.3463 9.3226 of
183.149 508.817 21.4801 9.3226 batch
209.496 508.817 21.6958 9.3226 tools,
236.149 508.817 23.9911 9.3226 which
265.286 508.817 11.3663 9.3226 we
281.720 508.817 15.3367 9.3226 will

45.3583 519.733 24.6999 9.3226 revisit
72.5414 519.733 19.9313 9.3226 later,
94.9092 519.733 17.0753 9.3226 they
114.331 519.733 13.8555 9.3226 can
130.534 519.733 9.3483 9.3226 be
142.310 519.733 41.4472 9.3226 dismissed.

45.3600 687.451 12.5632 7.5254 Fig.
59.9967 687.451 6.0842 7.5254 2.
72.0013 687.451 32.8290 7.5254 Unfiltered
108.260 687.451 15.5234 7.5254 view
126.986 687.451 6.6339 7.5254 of
136.946 687.451 34.7846 7.5254 correlation
175.024 687.451 15.4576 7.5254 data,
193.639 687.451 27.1629 7.5254 showing
224.111 687.451 34.6490 7.5254 correlation
262.054 687.451 6.2976 7.5254 to
271.661 687.451 15.7874 7.5254 yield
290.863 687.451 6.2976 7.5254 in

45.3600 696.689 32.4711 7.5254 normalied
81.9654 696.689 17.6178 7.5254 units.
103.717 696.689 12.4500 7.5254 The
120.166 696.689 19.5621 7.5254 points
143.803 696.689 21.6678 7.5254 circled
169.605 696.689 6.2976 7.5254 in
180.037 696.689 10.1309 7.5254 red
194.182 696.689 15.2088 7.5254 have
213.389 696.689 14.2058 7.5254 high
231.744 696.689 37.3757 7.5254 coefficients
273.075 696.689 10.2593 7.5254 but
287.348 696.689 9.8180 7.5254 are

45.3600 705.927 34.6217 7.5254 considered
82.0857 705.927 32.5811 7.5254 irrelevant.

329.400 55.4688 20.7743 9.3226 After
354.660 55.4688 42.3607 9.3226 dismissing
401.448 55.4688 12.1238 9.3226 the
417.881 55.4688 31.4974 9.3226 obvious
453.665 55.4688 59.9142 9.3226 autocorrelation
517.887 55.4688 16.5256 9.3226 data
538.840 55.4688 11.3673 9.3226 we
554.676 55.4688 12.0532 9.3226 are

314.995 66.3850 13.2292 9.3226 left
330.770 66.3850 17.5018 9.3226 with
350.818 66.3850 4.4137 9.3226 a
357.778 66.3850 28.1345 9.3226 sample
388.458 66.3850 8.3065 9.3226 as
399.010 66.3850 33.4806 9.3226 depicted
435.076 66.3850 7.6127 9.3226 in
445.049 66.3850 15.7423 9.3226 Fig.
463.226 66.3850 7.4814 9.3226 3.
473.142 66.3850 20.4244 9.3226 Even
495.911 66.3850 6.0997 9.3226 if
504.455 66.3850 11.3743 9.3226 we
518.375 66.3850 21.5000 9.3226 focus
542.421 66.3850 9.9666 9.3226 on
554.852 66.3850 11.9687 9.3226 the

314.995 77.3011 35.9062 9.3226 strongest
353.423 77.3011 24.3152 9.3226 points
380.380 77.3011 25.1950 9.3226 within
408.192 77.3011 12.1029 9.3226 the
422.817 77.3011 41.2126 9.3226 collection,
466.583 77.3011 11.9618 9.3226 i.e.
481.097 77.3011 24.3460 9.3226 points
507.934 77.3011 7.2081 9.3226 at
517.693 77.3011 17.7314 9.3226 both
537.898 77.3011 18.2364 9.3226 ends
558.506 77.3011 8.3115 9.3226 of

314.995 88.2173 12.1377 9.3226 the
331.568 88.2173 48.0320 9.3226 distribution,
383.915 88.2173 19.7812 9.3226 there
408.011 88.2173 12.0572 9.3226 are
424.503 88.2173 4.4137 9.3226 a
433.263 88.2173 42.2524 9.3226 substantial
479.950 88.2173 30.2846 9.3226 number
514.599 88.2173 8.3542 9.3226 of
527.317 88.2173 27.4446 9.3226 signals
559.077 88.2173 7.7290 9.3226 to

314.995 99.1334 27.6195 9.3226 choose
346.484 99.1334 21.5576 9.3226 from.
372.038 99.1334 12.0423 9.3226 An
387.987 99.1334 33.5333 9.3226 example
425.348 99.1334 8.3463 9.3226 of
437.462 99.1334 4.4137 9.3226 a
445.823 99.1334 41.6897 9.3226 non-trivial
491.460 99.1334 23.5527 9.3226 signal
518.841 99.1334 6.6176 9.3226 is
529.406 99.1334 25.6105 9.3226 shown
559.084 99.1334 7.7210 9.3226 in

314.995 110.049 15.6031 9.3226 Fig.
333.870 110.049 7.5262 9.3226 4.
344.548 110.049 15.5812 9.3226 The
363.442 110.049 17.4133 9.3226 time
384.248 110.049 4.4137 9.3226 a
391.974 110.049 22.4235 9.3226 wafer
417.808 110.049 20.8727 9.3226 spent
441.993 110.049 25.8640 9.3226 during
471.169 110.049 26.9744 9.3226 certain
501.336 110.049 19.2146 9.3226 parts
523.743 110.049 8.3513 9.3226 of
535.386 110.049 4.4137 9.3226 a
543.112 110.049 23.6074 9.3226 Rapid

314.995 120.965 33.5810 9.3226 Thermal
353.646 120.965 28.5559 9.3226 Anneal
387.272 120.965 15.8894 9.3226 step
408.275 120.965 30.1246 9.3226 showed
443.513 120.965 4.4137 9.3226 a
452.996 120.965 17.5594 9.3226 high
475.540 120.965 42.7653 9.3226 correlation
523.290 120.965 7.6107 9.3226 to
536.014 120.965 12.1218 9.3226 the
553.086 120.965 13.6815 9.3226 test

314.995 131.881 26.0548 9.3226 signal.
344.449 131.881 17.6310 9.3226 This
365.399 131.881 6.5888 9.3226 is
375.426 131.881 12.6010 9.3226 not
391.466 131.881 39.3994 9.3226 surprising
434.185 131.881 21.9930 9.3226 given
459.616 131.881 12.0642 9.3226 the
475.190 131.881 24.6830 9.3226 strong
503.312 131.881 35.1686 9.3226 variation
541.919 131.881 24.8132 9.3226 across

314.995 142.798 14.3794 9.3226 slot
333.693 142.798 34.2799 9.3226 position.
372.448 142.798 51.0997 9.3226 Nevertheless
427.962 142.798 11.3653 9.3226 we
443.794 142.798 39.0335 9.3226 dismissed
487.244 142.798 14.2899 9.3226 this
505.947 142.798 26.0389 9.3226 signal,
536.461 142.798 20.2613 9.3226 since
561.190 142.798 5.4048 9.3226 it

314.995 153.714 15.2611 9.3226 was
333.241 153.714 23.1521 9.3226 found
359.459 153.714 7.6127 9.3226 to
370.018 153.714 9.4497 9.3226 be
382.256 153.714 14.3664 9.3226 due
399.531 153.714 7.6127 9.3226 to
410.090 153.714 9.3682 9.3226 an
422.442 153.714 23.0010 9.3226 initial
448.322 153.714 29.0649 9.3226 heating
480.371 153.714 18.3229 9.3226 step,
501.679 153.714 23.9852 9.3226 which
528.648 153.714 15.2611 9.3226 was
546.893 153.714 19.7504 9.3226 large

314.995 164.630 11.5949 9.3226 for
330.483 164.630 12.1039 9.3226 the
346.480 164.630 15.8436 9.3226 first
366.288 164.630 22.4056 9.3226 wafer
392.586 164.630 7.7379 9.3226 in
404.118 164.630 4.4137 9.3226 a
412.526 164.630 23.6114 9.3226 ‘cold’
439.910 164.630 34.0462 9.3226 chamber
477.849 164.630 14.3207 9.3226 and
496.063 164.630 29.0709 9.3226 sharply
528.927 164.630 37.9848 9.3226 decreases

314.995 175.546 18.2334 9.3226 after
335.798 175.546 17.2890 9.3226 that.
355.518 175.546 15.5762 9.3226 The
373.646 175.546 15.3297 9.3226 tool
391.498 175.546 13.2302 9.3226 has
407.335 175.546 14.7203 9.3226 two
424.727 175.546 40.3616 9.3226 chambers,
467.638 175.546 23.0219 9.3226 hence
493.212 175.546 12.1278 9.3226 the
508.011 175.546 19.6450 9.3226 large
530.327 175.546 15.7751 9.3226 step
548.692 175.546 18.1141 9.3226 after

314.995 186.462 12.1168 9.3226 the
329.777 186.462 15.8128 9.3226 first
348.255 186.462 14.7193 9.3226 two
365.640 186.462 28.7339 9.3226 wafers.
396.919 186.462 23.1114 9.3226 There
422.696 186.462 15.2671 9.3226 was
440.575 186.462 9.8851 9.3226 no
453.174 186.462 45.0676 9.3226 mechanism
500.709 186.462 14.9052 9.3226 that
518.280 186.462 11.3743 9.3226 we
532.320 186.462 21.9592 9.3226 could
556.745 186.462 9.9905 9.3226 tie

314.995 197.378 7.7638 9.3226 to
325.227 197.378 12.1258 9.3226 the
339.784 197.378 41.7335 9.3226 preheating
383.985 197.378 14.9192 9.3226 that
401.305 197.378 24.6452 9.3226 would
428.381 197.378 22.5716 9.3226 affect
453.502 197.378 39.9630 9.3226 functional
495.985 197.378 22.1362 9.3226 yield.

315.000 431.731 12.5632 7.5254 Fig.
329.636 431.731 6.0842 7.5254 3.
341.641 431.731 36.4224 7.5254 Correlation
381.116 431.731 6.6322 7.5254 of
390.712 431.731 9.9119 7.5254 the
403.540 431.731 15.7810 7.5254 yield
422.374 431.731 19.2885 7.5254 signal
444.595 431.731 6.2960 7.5254 to
453.839 431.731 8.0109 7.5254 all
464.782 431.731 19.1280 7.5254 sector
486.874 431.731 11.5882 7.5254 and
501.515 431.731 11.1107 7.5254 test
515.558 431.731 13.3921 7.5254 data
532.003 431.731 9.2683 7.5254 for
544.235 431.731 3.5629 7.5254 a
550.850 431.731 15.9238 7.5254 large

315.000 440.969 24.4555 7.5254 number
341.465 440.969 6.6306 7.5254 of
350.106 440.969 23.1170 7.5254 wafers,
375.312 440.969 14.6864 7.5254 after
392.009 440.969 26.2265 7.5254 removal
420.207 440.969 6.6306 7.5254 of
428.848 440.969 19.2861 7.5254 trivial
450.106 440.969 48.4375 7.5254 autocorrelation
500.512 440.969 15.4391 7.5254 data.

315.000 644.851 12.5632 7.5254 Fig.
329.636 644.851 6.0842 7.5254 4.
341.641 644.851 16.9173 7.5254 Time
362.438 644.851 17.0071 7.5254 spent
383.214 644.851 21.0579 7.5254 during
408.062 644.851 3.5629 7.5254 a
415.514 644.851 24.8166 7.5254 specific
444.211 644.851 12.4348 7.5254 part
460.533 644.851 6.6138 7.5254 of
471.037 644.851 9.8059 7.5254 the
484.612 644.851 23.9981 7.5254 process
512.567 644.851 16.7704 7.5254 cycle
533.227 644.851 5.8338 7.5254 at
542.948 644.851 3.5629 7.5254 a
550.401 644.851 16.3475 7.5254 rapid

315.000 654.089 24.5405 7.5254 thermal
341.994 654.089 20.9407 7.5254 anneal
365.389 654.089 12.8946 7.5254 step
380.752 654.089 6.7382 7.5254 as
390.005 654.089 3.5629 7.5254 a
396.141 654.089 26.5836 7.5254 function
425.313 654.089 6.6331 7.5254 of
434.431 654.089 11.3531 7.5254 slot
448.358 654.089 27.9100 7.5254 position.
478.841 654.089 14.1721 7.5254 This
495.528 654.089 31.9608 7.5254 parameter
529.973 654.089 19.9176 7.5254 shows
552.407 654.089 14.2042 7.5254 high

315.000 663.327 34.6458 7.5254 correlation
351.741 663.327 6.2968 7.5254 to
359.909 663.327 9.9135 7.5254 the
371.663 663.327 19.5148 7.5254 defect
393.274 663.327 21.1012 7.5254 signal.

329.400 682.588 13.8992 9.3226 We
346.450 682.588 18.7225 9.3226 have
368.444 682.588 21.8737 9.3226 given
393.519 682.588 27.4654 9.3226 special
424.107 682.588 53.2956 9.3226 consideration
480.603 682.588 7.6166 9.3226 to
491.529 682.588 14.1766 9.3226 slot
508.787 682.588 31.9060 9.3226 position
543.764 682.588 7.6952 9.3226 in
554.660 682.588 12.0701 9.3226 the

314.995 693.505 25.7328 9.3226 carrier
346.897 693.505 14.1766 9.3226 and
367.263 693.505 14.3078 9.3226 slot
387.573 693.505 32.0253 9.3226 position
425.668 693.505 7.7250 9.3226 in
439.344 693.505 12.1298 9.3226 the
457.584 693.505 17.0912 9.3226 boat
480.786 693.505 7.7250 9.3226 in
494.502 693.505 21.4950 9.3226 batch
522.108 693.505 17.0097 9.3226 type
545.269 693.505 21.5745 9.3226 tools.

314.995 704.421 48.9903 9.3226 Historically,
368.704 704.421 18.1708 9.3226 such
391.505 704.421 19.3229 9.3226 tools
415.356 704.421 18.7175 9.3226 have
438.713 704.421 18.7792 9.3226 been
462.121 704.421 26.8243 9.3226 known
493.575 704.421 7.6932 9.3226 to
506.017 704.421 22.0576 9.3226 cause
532.714 704.421 33.9309 9.3226 through-

297.660 746.000 16.6800 10.0000 316

503.540 744.450 29.4370 11.1600 ASMC
535.758 744.450 22.2370 11.1600 2017

76.0600 778.234 33.4600 6.4750 Authorized
111.466 778.234 25.6760 6.4750 licensed
139.088 778.234 11.2840 6.4750 use
152.318 778.234 20.2230 6.4750 limited
174.487 778.234 7.7840 6.4750 to:
184.217 778.234 50.1830 6.4750 Fernuniversitaet
236.346 778.234 22.5680 6.4750 Hagen.
260.860 778.234 38.9060 6.4750 Downloaded
301.712 778.234 7.7840 6.4750 on
311.442 778.234 24.8990 6.4750 October
338.287 778.234 25.2980 6.4750 11,2022
365.531 778.234 5.8380 6.4750 at
373.315 778.234 27.2440 6.4750 16:15:53
402.505 778.234 14.3850 6.4750 UTC
418.836 778.234 14.0000 6.4750 from
434.782 778.234 15.9530 6.4750 IEEE
452.681 778.234 22.1760 6.4750 Xplore.
478.749 778.234 36.5610 6.4750 Restrictions
517.256 778.234 18.6760 6.4750 apply.

45.3600 55.4688 25.3182 9.3226 FOUP
73.8652 55.4688 24.7258 9.3226 (Front
101.710 55.4688 34.1208 9.3226 Opening
138.899 55.4688 30.1206 9.3226 Unified
172.087 55.4688 18.7394 9.3226 Pod)
194.013 55.4688 37.5534 9.3226 variation.
234.634 55.4688 8.3274 9.3226 In
246.030 55.4688 13.2650 9.3226 our
262.362 55.4688 19.5257 9.3226 case,
284.926 55.4688 12.0423 9.3226 the

45.3600 66.3850 14.3992 9.3226 slot
65.5239 66.3850 32.0134 9.3226 position
103.369 66.3850 7.7160 9.3226 in
116.917 66.3850 11.9618 9.3226 the
134.793 66.3850 29.5828 9.3226 furnace
170.290 66.3850 11.4737 9.3226 for
187.576 66.3850 43.9662 9.3226 polysilicon
237.374 66.3850 41.2424 9.3226 deposition
284.449 66.3850 12.6586 9.3226 did

45.3600 77.3011 26.4932 9.3226 appear
74.5442 77.3011 7.6962 9.3226 in
84.9622 77.3011 12.0721 9.3226 the
99.7073 77.3011 42.9671 9.3226 correlation
145.396 77.3011 19.7007 9.3226 chart
167.699 77.3011 19.4084 9.3226 from
189.701 77.3011 12.0721 9.3226 the
204.565 77.3011 46.8947 9.3226 datamining,
254.251 77.3011 27.5350 9.3226 though
284.507 77.3011 12.7371 9.3226 not

45.3600 88.2173 7.2061 9.3226 at
56.1647 88.2173 12.0642 9.3226 the
71.7866 88.2173 17.6986 9.3226 very
92.9128 88.2173 28.5390 9.3226 highest
125.009 88.2173 42.8448 9.3226 correlation
171.412 88.2173 23.9494 9.3226 value.
198.759 88.2173 15.5733 9.3226 The
217.841 88.2173 31.9259 9.3226 position
253.195 88.2173 7.6922 9.3226 in
264.445 88.2173 12.0642 9.3226 the
280.018 88.2173 17.0634 9.3226 boat

45.3600 99.1334 13.8624 9.3226 can
61.8150 99.1334 16.8546 9.3226 give
81.2234 99.1334 14.2581 9.3226 rise
98.0353 99.1334 7.6176 9.3226 to
108.244 99.1334 43.9801 9.3226 differences
154.714 99.1334 7.6862 9.3226 in
164.754 99.1334 29.8015 9.3226 process
197.045 99.1334 37.3426 9.3226 condition
236.860 99.1334 31.3364 9.3226 because
270.789 99.1334 26.4395 9.3226 wafers

45.3600 110.049 12.0960 9.3226 are
60.2404 110.049 26.9356 9.3226 moved
89.8888 110.049 15.3218 9.3226 into
107.923 110.049 12.1258 9.3226 the
122.714 110.049 29.5977 9.3226 furnace
155.096 110.049 28.6573 9.3226 slowly,
186.538 110.049 30.2916 9.3226 causing
219.423 110.049 4.4137 9.3226 a
226.502 110.049 40.0207 9.3226 difference
269.188 110.049 7.7588 9.3226 in
279.659 110.049 17.4014 9.3226 time

45.3600 120.965 8.3513 9.3226 of
56.8834 120.965 35.7511 9.3226 exposure
95.9467 120.965 14.2193 9.3226 and
113.478 120.965 49.9635 9.3226 environment
166.634 120.965 11.6138 9.3226 for
181.560 120.965 11.9319 9.3226 the
196.805 120.965 28.7955 9.3226 wafers,
228.912 120.965 12.7262 9.3226 but
244.763 120.965 14.2213 9.3226 this
262.194 120.965 6.5828 9.3226 is
271.868 120.965 25.3272 9.3226 before

45.3600 131.881 12.0522 9.3226 the
61.7593 131.881 16.9530 9.3226 start
82.9104 131.881 8.3542 9.3226 of
95.4010 131.881 12.0522 9.3226 the
111.726 131.881 23.6472 9.3226 actual
139.452 131.881 41.2802 9.3226 deposition
184.889 131.881 32.1585 9.3226 process.
221.321 131.881 27.9933 9.3226 During
253.468 131.881 43.5516 9.3226 deposition,

45.3600 142.798 19.7275 9.3226 there
68.9575 142.798 22.9314 9.3226 might
95.6783 142.798 9.4517 9.3226 be
108.880 142.798 4.4137 9.3226 a
117.083 142.798 47.2586 9.3226 temperature
168.012 142.798 32.5183 9.3226 gradient
204.251 142.798 22.0159 9.3226 along
230.057 142.798 11.9260 9.3226 the
245.733 142.798 19.5307 9.3226 boat,
269.023 142.798 28.0549 9.3226 despite

45.3600 153.714 25.8729 9.3226 efforts
75.5164 153.714 7.6127 9.3226 to
87.6333 153.714 34.6646 9.3226 maintain
126.621 153.714 4.4137 9.3226 a
135.476 153.714 32.9458 9.3226 constant
172.863 153.714 49.6165 9.3226 temperature,
226.803 153.714 14.3605 9.3226 and
245.555 153.714 12.1536 9.3226 the
262.151 153.714 13.2571 9.3226 gas
279.698 153.714 17.5167 9.3226 inlet

45.3600 164.630 31.9020 9.3226 location
80.3278 164.630 14.3277 9.3226 and
97.8415 164.630 18.1101 9.3226 flow
119.084 164.630 22.9195 9.3226 might
145.190 164.630 16.9570 9.3226 give
165.294 164.630 14.3426 9.3226 rise
182.823 164.630 7.6117 9.3226 to
193.620 164.630 53.8215 9.3226 concentration
250.507 164.630 46.5070 9.3226 differences.

45.3600 175.546 47.9117 9.3226 Fortunately,
96.5442 175.546 19.7981 9.3226 there
119.388 175.546 6.6255 9.3226 is
129.105 175.546 4.4137 9.3226 a
136.684 175.546 33.4319 9.3226 property
173.189 175.546 8.3533 9.3226 of
184.596 175.546 13.2769 9.3226 our
201.038 175.546 29.5818 9.3226 furnace
233.785 175.546 19.2533 9.3226 tools
256.130 175.546 24.0508 9.3226 which
283.346 175.546 13.7481 9.3226 can

45.3600 186.462 18.1797 9.3226 shed
66.8858 186.462 20.3657 9.3226 more
90.5191 186.462 18.1758 9.3226 light
111.921 186.462 10.0054 9.3226 on
125.113 186.462 14.3227 9.3226 this
142.662 186.462 35.8982 9.3226 question.
181.836 186.462 13.7839 9.3226 We
198.966 186.462 21.9652 9.3226 know
224.065 186.462 14.8694 9.3226 that
242.281 186.462 12.1198 9.3226 the
257.668 186.462 29.5977 9.3226 furnace
290.533 186.462 6.6166 9.3226 is

45.3600 197.378 40.8289 9.3226 frequently
88.8987 197.378 26.4008 9.3226 loaded
118.247 197.378 17.4580 9.3226 with
138.586 197.378 20.3806 9.3226 more
161.758 197.378 16.9530 9.3226 than
181.454 197.378 14.2531 9.3226 one
198.469 197.378 10.5015 9.3226 lot
211.732 197.378 13.2491 9.3226 (25
227.789 197.378 29.5878 9.3226 wafers)
260.185 197.378 7.1087 9.3226 at
270.054 197.378 4.4137 9.3226 a
277.230 197.378 19.9065 9.3226 time.

45.3600 208.295 17.6250 9.3226 This
68.7010 208.295 25.2298 9.3226 means
99.6467 208.295 14.7800 9.3226 that
120.142 208.295 11.3663 9.3226 we
137.296 208.295 13.8535 9.3226 can
156.736 208.295 21.3986 9.3226 study
183.841 208.295 22.4125 9.3226 wafer
211.940 208.295 42.0814 9.3226 properties,
259.737 208.295 37.2064 9.3226 including

45.3600 219.330 40.2622 9.3226 functional
88.1452 219.330 22.2217 9.3226 yield,
112.917 219.330 9.9766 9.3226 by
125.365 219.330 17.1022 9.3226 boat
145.024 219.330 34.3852 9.3226 position.
181.966 219.330 6.1096 9.3226 It
190.752 219.330 24.6055 9.3226 stands
217.966 219.330 7.6166 9.3226 to
228.173 219.330 25.9326 9.3226 reason
256.577 219.330 17.3010 9.3226 that,
276.554 219.330 6.1096 9.3226 if
285.234 219.330 11.9807 9.3226 the

45.3600 230.246 59.3963 9.3226 through-FOUP
109.266 230.246 35.1407 9.3226 variation
148.921 230.246 6.5808 9.3226 is
159.795 230.246 25.2258 9.3226 driven
189.412 230.246 10.0144 9.3226 by
203.811 230.246 12.0482 9.3226 the
220.369 230.246 32.1943 9.3226 furnace,
256.954 230.246 12.0482 9.3226 the
273.513 230.246 23.5746 9.3226 signal

45.3600 241.163 24.6194 9.3226 would
75.0939 241.163 9.3394 9.3226 be
89.5001 241.163 20.2842 9.3226 more
114.780 241.163 40.5704 9.3226 prominent
160.347 241.163 21.4682 9.3226 when
186.810 241.163 44.4095 9.3226 performing
236.216 241.163 9.4100 9.3226 an
250.621 241.163 31.6654 9.3226 analysis
287.283 241.163 10.0144 9.3226 by

45.3600 252.079 31.9338 9.3226 position
83.3597 252.079 7.7210 9.3226 in
97.0273 252.079 12.1218 9.3226 the
115.136 252.079 19.5625 9.3226 boat.
140.735 252.079 31.0133 9.3226 Instead,
177.784 252.079 12.1218 9.3226 the
195.934 252.079 23.6840 9.3226 signal
225.605 252.079 44.0129 9.3226 diminished
275.725 252.079 21.3598 9.3226 when

45.3600 262.995 35.2381 9.3226 analyzed
83.5486 262.995 14.2452 9.3226 this
100.754 262.995 18.8080 9.3226 way,
122.592 262.995 33.4886 9.3226 showing
159.041 262.995 10.0104 9.3226 no
172.121 262.995 39.5087 9.3226 consistent
214.470 262.995 17.1697 9.3226 boat
234.523 262.995 20.9771 9.3226 order
258.460 262.995 38.5534 9.3226 signature,

45.3600 273.911 14.3277 9.3226 and
63.4741 273.911 29.0739 9.3226 leading
96.2142 273.911 8.7837 9.3226 us
108.665 273.911 7.6803 9.3226 to
120.012 273.911 35.7093 9.3226 conclude
159.508 273.911 14.7094 9.3226 that
177.935 273.911 12.0403 9.3226 the
193.762 273.911 29.6594 9.3226 furnace
227.089 273.911 12.6467 9.3226 did
243.522 273.911 12.5950 9.3226 not
259.716 273.911 20.3100 9.3226 drive
283.813 273.911 13.1437 9.3226 our

45.3600 284.827 19.7514 9.3226 yield
67.7039 284.827 17.7036 9.3226 loss.

59.7642 301.749 20.7544 9.3226 After
83.5665 301.749 42.3011 9.3226 dismissing
128.966 301.749 4.4137 9.3226 a
136.409 301.749 30.2508 9.3226 number
169.589 301.749 8.3473 9.3226 of
180.745 301.749 40.6698 9.3226 prominent
224.514 301.749 27.3730 9.3226 signals
254.853 301.749 7.7121 9.3226 in
265.513 301.749 12.1039 9.3226 the
280.647 301.749 16.3665 9.3226 way

45.3600 312.665 37.9450 9.3226 described
88.7705 312.665 26.0976 9.3226 above,
120.303 312.665 11.3653 9.3226 we
137.216 312.665 48.3978 9.3226 encountered
191.198 312.665 4.4137 9.3226 a
201.050 312.665 39.1528 9.3226 collection
245.549 312.665 8.3185 9.3226 of
259.194 312.665 37.9202 9.3226 persistent

45.3600 323.582 43.4095 9.3226 parameters
93.9387 323.582 17.4729 9.3226 with
116.580 323.582 4.4137 9.3226 a
126.163 323.582 30.0938 9.3226 striking
161.426 323.582 40.2105 9.3226 similarity.
206.687 323.582 23.7207 9.3226 These
235.577 323.582 19.1370 9.3226 were
259.788 323.582 9.8334 9.3226 all
274.790 323.582 22.3817 9.3226 inline

45.3600 334.498 36.2143 9.3226 electrical
86.3708 334.498 13.7183 9.3226 test
104.766 334.498 43.4830 9.3226 parameters
152.902 334.498 37.8516 9.3226 reflecting
195.498 334.498 16.4083 9.3226 gate
216.733 334.498 30.2419 9.3226 leakage
251.680 334.498 8.3523 9.3226 of
264.765 334.498 12.1636 9.3226 the
281.753 334.498 15.3168 9.3226 thin

45.3501 345.414 16.5733 9.3226 gate
65.5468 345.414 24.4186 9.3226 oxide.
93.5977 345.414 12.0920 9.3226 An
109.353 345.414 33.5900 9.3226 example
146.608 345.414 6.6643 9.3226 is
156.843 345.414 25.5359 9.3226 shown
186.043 345.414 7.6783 9.3226 in
197.385 345.414 15.5792 9.3226 Fig.
216.629 345.414 7.3999 9.3226 5.
227.573 345.414 15.5693 9.3226 The
246.807 345.414 16.3944 9.3226 gate
266.865 345.414 30.1087 9.3226 leakage

45.3501 356.330 40.2095 9.3226 difference
88.9832 356.330 25.5648 9.3226 shown
117.971 356.330 48.0031 9.3226 corresponds
169.297 356.330 7.6117 9.3226 to
180.334 356.330 4.4137 9.3226 a
188.171 356.330 36.7193 9.3226 thickness
228.215 356.330 17.4521 9.3226 shift
248.904 356.330 8.3453 9.3226 of
260.654 356.330 12.0363 9.3226 the
275.995 356.330 20.8727 9.3226 order

45.3501 367.247 8.3463 9.3226 of
59.0226 367.247 17.3656 9.3226 0.01
81.7344 367.247 15.0056 9.3226 nm.
102.126 367.247 6.1196 9.3226 It
113.644 367.247 6.6176 9.3226 is
125.648 367.247 12.5294 9.3226 too
143.643 367.247 21.3320 9.3226 small
170.254 367.247 7.7210 9.3226 to
183.321 367.247 9.3712 9.3226 be
198.079 367.247 40.6827 9.3226 noticeable
244.070 367.247 7.7210 9.3226 in
257.178 367.247 12.1218 9.3226 the
274.568 367.247 22.4722 9.3226 inline

45.3501 378.164 52.6763 9.3226 measurement
105.250 378.164 14.3307 9.3226 and
126.805 378.164 12.5314 9.3226 too
146.560 378.164 21.3846 9.3226 small
175.019 378.164 7.7578 9.3226 to
189.930 378.164 27.4147 9.3226 exceed
224.497 378.164 12.1238 9.3226 the
243.845 378.164 20.8836 9.3226 noise
271.833 378.164 25.2854 9.3226 within

45.3501 389.081 40.2672 9.3226 individual
89.5767 389.081 16.6389 9.3226 lots,
110.093 389.081 12.7183 9.3226 but
126.769 389.081 5.5241 9.3226 it
136.252 389.081 35.5433 9.3226 appeared
175.823 389.081 7.7310 9.3226 in
187.461 389.081 12.1417 9.3226 the
203.592 389.081 37.2044 9.3226 statistical
244.756 389.081 31.8394 9.3226 analysis
280.553 389.081 8.2777 9.3226 as
292.756 389.081 4.4137 9.3226 a

45.3501 399.997 42.3587 9.3226 substantial
97.1754 399.997 30.2697 9.3226 number
136.859 399.997 8.3542 9.3226 of
154.617 399.997 26.3809 9.3226 entries
190.464 399.997 17.4322 9.3226 with
217.363 399.997 46.1522 9.3226 comparable
273.021 399.997 24.0925 9.3226 (high)

45.3501 410.913 49.3044 9.3226 prominence.

45.3600 595.651 12.5632 7.5254 Fig.
59.9967 595.651 6.0842 7.5254 5.
72.0013 595.651 15.0788 7.5254 Gate
90.7161 595.651 24.4627 7.5254 leakage
118.837 595.651 6.7205 7.5254 as
129.151 595.651 3.5629 7.5254 a
136.469 595.651 26.5675 7.5254 function
166.696 595.651 6.6234 7.5254 of
176.978 595.651 11.4590 7.5254 slot
192.089 595.651 27.9237 7.5254 position,
223.552 595.651 28.7414 7.5254 averaged
256.080 595.651 14.0766 7.5254 over
273.815 595.651 3.5629 7.5254 a
281.134 595.651 15.8941 7.5254 large

45.3600 604.889 24.5140 7.5254 number
73.0646 604.889 6.6347 7.5254 of
82.8898 604.889 23.0817 7.5254 wafers.
109.244 604.889 4.6309 7.5254 It
117.166 604.889 12.3674 7.5254 was
132.724 604.889 18.6369 7.5254 found
154.546 604.889 9.9215 7.5254 the
167.389 604.889 13.4113 7.5254 gate
183.963 604.889 24.5020 7.5254 leakage
211.655 604.889 22.6564 7.5254 current
237.482 604.889 12.3674 7.5254 was
253.040 604.889 21.7007 7.5254 related
277.931 604.889 6.2936 7.5254 to
287.289 604.889 9.8212 7.5254 the

45.3600 614.127 19.5100 7.5254 defect
66.9628 614.127 24.5197 7.5254 causing
93.3505 614.127 9.9119 7.5254 the
105.100 614.127 16.4791 7.5254 trend
123.551 614.127 5.8467 7.5254 at
131.372 614.127 32.4655 7.5254 functional
165.811 614.127 13.0543 7.5254 test.

59.7600 633.388 17.6340 9.3226 This
81.3136 633.388 23.6164 9.3226 signal
108.772 633.388 22.9533 9.3226 might
135.645 633.388 20.4492 9.3226 seem
159.886 633.388 49.9843 9.3226 confounding
213.790 633.388 7.2071 9.3226 at
224.839 633.388 15.8297 9.3226 first
244.589 633.388 28.1931 9.3226 glance,
276.781 633.388 20.2673 9.3226 since

45.3558 644.305 12.1158 9.3226 the
61.4161 644.305 25.8033 9.3226 lowest
91.2833 644.305 14.2969 9.3226 slot
109.416 644.305 35.8167 9.3226 positions
149.164 644.305 17.4252 9.3226 with
170.742 644.305 12.1158 9.3226 the
186.843 644.305 22.3907 9.3226 lower
213.366 644.305 19.5705 9.3226 yield
237.000 644.305 14.3227 9.3226 had
255.267 644.305 12.1158 9.3226 the
271.367 644.305 25.8143 9.3226 lowest

45.3558 655.221 30.3960 9.3226 leakage
78.9040 655.221 30.3513 9.3226 current.
112.405 655.221 13.8992 9.3226 We
129.456 655.221 22.9374 9.3226 might
155.636 655.221 9.4189 9.3226 be
168.087 655.221 41.3169 9.3226 suspicious
212.493 655.221 8.3155 9.3226 of
223.979 655.221 25.1641 9.3226 higher
252.313 655.221 30.2757 9.3226 leakage
285.741 655.221 11.4717 9.3226 for

45.3558 666.137 30.3035 9.3226 causing
78.5282 666.137 25.9405 9.3226 device
107.500 666.137 25.6890 9.3226 failure
136.102 666.137 8.2698 9.3226 or
147.302 666.137 18.7354 9.3226 even
168.869 666.137 38.3983 9.3226 reliability
210.099 666.137 26.0300 9.3226 issues,
238.998 666.137 12.7282 9.3226 but
254.595 666.137 14.8784 9.3226 that
272.462 666.137 24.6830 9.3226 would

45.3558 677.053 13.2421 9.3226 run
62.3854 677.053 33.4816 9.3226 opposite
99.7737 677.053 7.6117 9.3226 to
111.291 677.053 11.9200 9.3226 the
127.117 677.053 20.2931 9.3226 trend
151.317 677.053 22.3797 9.3226 under
177.484 677.053 55.7768 9.3226 consideration.
237.168 677.053 25.7566 9.3226 Lower
266.831 677.053 30.1176 9.3226 leakage

45.3558 687.969 23.0249 9.3226 might
74.6583 687.969 33.6079 9.3226 coincide
114.537 687.969 17.5296 9.3226 with
138.257 687.969 31.3513 9.3226 reduced
175.767 687.969 25.8918 9.3226 device
207.817 687.969 52.4874 9.3226 performance,
266.455 687.969 30.6952 9.3226 through

45.3558 698.885 25.2705 9.3226 higher
73.5548 698.885 36.8068 9.3226 inversion
113.201 698.885 16.3824 9.3226 gate
132.424 698.885 39.1628 9.3226 thickness,
174.386 698.885 12.7222 9.3226 but
189.829 698.885 13.1497 9.3226 our
205.907 698.885 19.6251 9.3226 yield
228.481 698.885 35.1725 9.3226 variation
266.493 698.885 15.2661 9.3226 was
284.480 698.885 12.7332 9.3226 not

45.3558 709.801 26.9932 9.3226 caused
74.8183 709.801 10.0104 9.3226 by
87.1787 709.801 12.1636 9.3226 the
101.749 709.801 42.3737 9.3226 parametric
146.555 709.801 26.1880 9.3226 effects
175.150 709.801 12.7242 9.3226 but
190.282 709.801 23.1263 9.3226 rather
215.739 709.801 10.0104 9.3226 by
228.099 709.801 17.6111 9.3226 hard
248.179 709.801 30.4457 9.3226 defects.

329.394 55.4399 8.3294 9.3226 In
342.592 55.4399 19.2762 9.3226 view
366.566 55.4399 8.3493 9.3226 of
379.765 55.4399 11.9379 9.3226 the
396.652 55.4399 53.3324 9.3226 unambiguous
454.752 55.4399 34.6685 9.3226 presence
494.133 55.4399 8.3493 9.3226 of
507.331 55.4399 12.0681 9.3226 the
524.279 55.4399 25.9872 9.3226 signal,
555.225 55.4399 11.3693 9.3226 we

314.990 66.3560 30.6773 9.3226 decided
348.313 66.3560 7.6166 9.3226 to
358.640 66.3560 15.7780 9.3226 find
377.128 66.3560 9.4776 9.3226 its
389.095 66.3560 24.4782 9.3226 cause,
416.100 66.3560 14.3466 9.3226 and
432.974 66.3560 16.9928 9.3226 then
452.482 66.3560 39.5435 9.3226 determine
494.672 66.3560 6.0798 9.3226 if
503.321 66.3560 5.5330 9.3226 it
511.500 66.3560 15.2671 9.3226 was
529.414 66.3560 26.9634 9.3226 related
559.023 66.3560 7.7399 9.3226 to

314.990 77.2722 12.1308 9.3226 the
331.958 77.2722 19.7802 9.3226 yield
356.575 77.2722 20.2166 9.3226 trend
381.509 77.2722 8.3175 9.3226 or
394.554 77.2722 15.0802 9.3226 not.
414.351 77.2722 23.6909 9.3226 When
442.789 77.2722 46.2496 9.3226 considering
493.785 77.2722 16.4142 9.3226 gate
515.027 77.2722 32.6625 9.3226 leakage,
552.407 77.2722 14.3376 9.3226 one

314.990 88.1884 41.1291 9.3226 possibility
359.550 88.1884 6.5927 9.3226 is
369.592 88.1884 14.8685 9.3226 that
387.825 88.1884 31.9537 9.3226 ambient
423.143 88.1884 29.2558 9.3226 oxygen
455.960 88.1884 38.0355 9.3226 somehow
497.375 88.1884 15.9719 9.3226 gets
516.797 88.1884 50.0221 9.3226 incorporated

314.990 99.1045 7.6942 9.3226 in
330.204 99.1045 12.0681 9.3226 the
349.862 99.1045 39.2393 9.3226 gatestack.
396.502 99.1045 17.7543 9.3226 This
421.664 99.1045 21.9483 9.3226 could
451.122 99.1045 29.2091 9.3226 explain
487.732 99.1045 12.0681 9.3226 the
507.391 99.1045 59.2989 9.3226 through-FOUP

314.990 110.020 37.1875 9.3226 behavior,
355.969 110.020 20.2335 9.3226 since
380.074 110.020 5.4098 9.3226 it
389.326 110.020 22.9394 9.3226 might
416.057 110.020 34.6934 9.3226 correlate
454.543 110.020 7.6166 9.3226 to
466.069 110.020 26.3362 9.3226 wafers
496.213 110.020 29.4387 9.3226 waiting
529.443 110.020 25.2735 9.3226 longer
558.487 110.020 8.2320 9.3226 or

314.990 120.936 27.5380 9.3226 shorter
345.481 120.936 32.8852 9.3226 between
381.320 120.936 43.7574 9.3226 operations,
428.030 120.936 41.2305 9.3226 depending
472.214 120.936 10.0134 9.3226 on
485.181 120.936 18.0346 9.3226 their
506.288 120.936 14.1646 9.3226 slot
523.448 120.936 34.2341 9.3226 position.
560.636 120.936 6.1265 9.3226 It

314.990 131.853 6.6156 9.3226 is
327.231 131.853 26.7258 9.3226 known
359.582 131.853 14.8665 9.3226 that
379.955 131.853 29.0381 9.3226 oxygen
414.618 131.853 42.3309 9.3226 introduced
462.534 131.853 7.7190 9.3226 in
475.599 131.853 14.3724 9.3226 one
495.399 131.853 15.4917 9.3226 part
516.289 131.853 8.3542 9.3226 of
530.089 131.853 36.6935 9.3226 gatestack

314.990 142.769 39.0932 9.3226 formation
358.765 142.769 13.7998 9.3226 can
377.247 142.769 22.4791 9.3226 affect
404.527 142.769 11.9747 9.3226 the
421.303 142.769 34.5761 9.3226 resulting
460.681 142.769 49.0042 9.3226 composition
514.312 142.769 8.3453 9.3226 of
527.383 142.769 12.1496 9.3226 the
544.214 142.769 22.5169 9.3226 entire

314.990 153.685 16.4888 9.3226 gate
336.588 153.685 18.0684 9.3226 after
359.766 153.685 25.8511 9.3226 anneal
390.539 153.685 14.0225 9.3226 [4].
409.640 153.685 17.6211 9.3226 This
432.149 153.685 25.2367 9.3226 means
462.614 153.685 11.3683 9.3226 we
479.172 153.685 26.3073 9.3226 should
510.588 153.685 33.4925 9.3226 consider
549.169 153.685 17.5226 9.3226 only

314.990 164.601 29.7429 9.3226 process
347.346 164.601 19.8239 9.3226 steps
369.783 164.601 19.1778 9.3226 prior
391.646 164.601 7.7190 9.3226 to
401.990 164.601 43.9602 9.3226 polysilicon
448.536 164.601 43.6660 9.3226 deposition,
494.947 164.601 23.9852 9.3226 which
521.677 164.601 30.2558 9.3226 reduces
554.558 164.601 11.9707 9.3226 the

314.990 175.517 30.3085 9.3226 number
351.345 175.517 8.3473 9.3226 of
365.620 175.517 41.2146 9.3226 operations
412.942 175.517 7.6137 9.3226 to
426.623 175.517 36.0483 9.3226 consider,
468.589 175.517 12.7183 9.3226 but
487.415 175.517 14.7313 9.3226 still
508.145 175.517 24.6751 9.3226 leaves
538.786 175.517 27.9824 9.3226 several

314.990 186.433 49.6593 9.3226 possibilities.

331.912 203.355 47.9832 9.3226 Fortunately,
385.446 203.355 5.4108 9.3226 it
396.261 203.355 6.5937 9.3226 is
408.218 203.355 32.4637 9.3226 possible
446.165 203.355 7.6176 9.3226 to
459.254 203.355 56.0920 9.3226 independently
520.699 203.355 31.4467 9.3226 confirm
557.499 203.355 9.4169 9.3226 an

314.990 214.272 37.5146 9.3226 oxidation
356.528 214.272 45.1551 9.3226 mechanism
405.590 214.272 8.3274 9.3226 as
417.969 214.272 37.8188 9.3226 described
459.795 214.272 26.1125 9.3226 above.
489.902 214.272 6.6673 9.3226 If
500.573 214.272 11.3743 9.3226 we
516.053 214.272 31.9557 9.3226 suppose
551.995 214.272 14.7790 9.3226 that

314.990 225.307 12.1158 9.3226 the
329.885 225.307 17.5455 9.3226 time
350.210 225.307 32.9369 9.3226 between
385.855 225.307 41.2762 9.3226 operations
429.737 225.307 6.6504 9.3226 is
438.994 225.307 30.2717 9.3226 causing
471.974 225.307 4.4137 9.3226 a
479.058 225.307 40.0505 9.3226 difference
521.768 225.307 7.7538 9.3226 in
532.230 225.307 34.4170 9.3226 effective

314.990 236.223 39.3059 9.3226 thickness,
357.566 236.223 11.3703 9.3226 we
372.328 236.223 26.4724 9.3226 should
402.141 236.223 9.3642 9.3226 be
414.726 236.223 16.5017 9.3226 able
434.500 236.223 7.6166 9.3226 to
445.427 236.223 30.8572 9.3226 observe
479.556 236.223 14.3048 9.3226 this
497.081 236.223 15.8238 9.3226 also
516.335 236.223 11.4717 9.3226 for
530.977 236.223 35.8614 9.3226 batch-to-

314.990 247.140 21.5139 9.3226 batch
343.174 247.140 43.9990 9.3226 differences
393.742 247.140 9.9746 9.3226 on
410.386 247.140 14.3505 9.3226 lots
431.306 247.140 29.6852 9.3226 waiting
467.661 247.140 33.0711 9.3226 between
507.403 247.140 41.2384 9.3226 operations
555.329 247.140 11.4717 9.3226 for

314.990 258.056 30.2121 9.3226 varying
349.405 258.056 28.7369 9.3226 lengths
382.344 258.056 8.3473 9.3226 of
394.819 258.056 19.9989 9.3226 time.
419.021 258.056 29.1206 9.3226 Similar
452.269 258.056 7.6137 9.3226 to
464.149 258.056 12.1536 9.3226 the
480.387 258.056 16.9600 9.3226 case
501.430 258.056 8.3473 9.3226 of
513.905 258.056 12.1536 9.3226 the
530.262 258.056 36.7402 9.3226 wafer-to-

314.990 268.972 22.5199 9.3226 wafer
343.203 268.972 37.5335 9.3226 variation,
386.409 268.972 19.6231 9.3226 there
411.665 268.972 6.6226 9.3226 is
423.801 268.972 12.6884 9.3226 too
442.067 268.972 21.8598 9.3226 much
469.559 268.972 21.0288 9.3226 noise
496.220 268.972 7.6147 9.3226 to
509.543 268.972 24.1730 9.3226 notice
539.348 268.972 14.3406 9.3226 this
559.057 268.972 7.7260 9.3226 in

314.990 279.888 40.3139 9.3226 individual
359.498 279.888 16.5763 9.3226 data
380.178 279.888 26.8342 9.3226 points.
411.218 279.888 14.4082 9.3226 But
429.820 279.888 6.0788 9.3226 if
439.964 279.888 11.3673 9.3226 we
455.680 279.888 33.5343 9.3226 examine
493.538 279.888 4.4137 9.3226 a
502.276 279.888 19.7146 9.3226 large
526.338 279.888 28.0738 9.3226 sample
558.640 279.888 8.2857 9.3226 of

314.990 290.804 16.6926 9.3226 lots,
334.236 290.804 11.3743 9.3226 we
348.156 290.804 9.8990 9.3226 do
360.533 290.804 15.8894 9.3226 find
378.901 290.804 4.4137 9.3226 a
385.793 290.804 39.9879 9.3226 prevailing
428.259 290.804 20.2136 9.3226 trend
450.951 290.804 18.8855 9.3226 (Fig.
472.271 290.804 10.7778 9.3226 6).

315.000 458.611 12.5632 7.5254 Fig.
329.636 458.611 6.0842 7.5254 6.
341.641 458.611 33.8393 7.5254 Logarithm
378.236 458.611 6.6226 7.5254 of
387.556 458.611 9.8108 7.5254 the
400.065 458.611 13.3953 7.5254 gate
416.136 458.611 24.4603 7.5254 leakage
443.294 458.611 22.5809 7.5254 current
468.686 458.611 6.7197 7.5254 as
478.039 458.611 3.5629 7.5254 a
484.398 458.611 26.5643 7.5254 function
513.788 458.611 6.6226 7.5254 of
522.988 458.611 14.3679 7.5254 time
540.054 458.611 26.4881 7.5254 between

315.000 467.849 13.4089 7.5254 gate
330.364 467.849 17.8577 7.5254 metal
350.193 467.849 33.2816 7.5254 deposition
385.573 467.849 11.4494 7.5254 and
398.999 467.849 35.4635 7.5254 polysilicon
436.560 467.849 33.3899 7.5254 deposition

329.400 487.108 15.4540 9.3226 The
347.642 487.108 17.0674 9.3226 drift
367.617 487.108 7.6137 9.3226 to
378.058 487.108 22.3867 9.3226 lower
403.352 487.108 30.2469 9.3226 leakage
436.387 487.108 27.9575 9.3226 current
467.224 487.108 30.2081 9.3226 appears
500.158 487.108 7.6137 9.3226 to
510.598 487.108 9.4119 9.3226 be
522.799 487.108 21.4413 9.3226 fairly
546.948 487.108 19.7842 9.3226 large

314.995 498.025 33.1019 9.3226 initially,
351.812 498.025 12.7262 9.3226 but
368.142 498.025 34.6099 9.3226 saturates
406.321 498.025 18.0545 9.3226 after
428.027 498.025 4.4137 9.3226 a
435.955 498.025 30.3344 9.3226 number
469.941 498.025 8.3513 9.3226 of
481.824 498.025 24.5349 9.3226 hours.
509.871 498.025 15.5812 9.3226 The
529.085 498.025 37.8436 9.3226 similarity

314.995 508.941 32.9607 9.3226 between
353.101 508.941 12.1178 9.3226 the
370.286 508.941 59.0036 9.3226 wafer-to-wafer
434.384 508.941 14.3247 9.3226 and
453.824 508.941 35.1626 9.3226 lot-to-lot
494.023 508.941 35.1328 9.3226 variation
534.301 508.941 32.4010 9.3226 strongly

314.995 519.857 33.4409 9.3226 suggests
351.150 519.857 4.4137 9.3226 a
358.278 519.857 61.4749 9.3226 time-dependent
422.269 519.857 27.9843 9.3226 change
453.039 519.857 8.3542 9.3226 of
463.958 519.857 12.0562 9.3226 the
478.728 519.857 39.1996 9.3226 gatestack,
520.522 519.857 14.3346 9.3226 and
537.452 519.857 29.2081 9.3226 oxygen

314.995 530.774 53.3821 9.3226 incorporation
370.848 530.774 6.6574 9.3226 is
379.874 530.774 4.4137 9.3226 a
386.720 530.774 22.5835 9.3226 likely
411.655 530.774 48.5270 9.3226 explanation.

329.400 547.696 7.1773 9.3226 A
340.791 547.696 34.1039 9.3226 different
379.201 547.696 26.0290 9.3226 signal,
409.466 547.696 17.4213 9.3226 with
431.193 547.696 12.1198 9.3226 the
447.620 547.696 20.1371 9.3226 same
472.104 547.696 42.8061 9.3226 underlying
519.335 547.696 47.3242 9.3226 mechanism,

314.995 558.612 15.2631 9.3226 was
335.285 558.612 23.1621 9.3226 found
363.434 558.612 7.7220 9.3226 in
376.064 558.612 25.9823 9.3226 sector.
406.954 558.612 15.5504 9.3226 Fig.
427.461 558.612 4.9704 9.3226 7
437.219 558.612 24.6711 9.3226 shows
466.798 558.612 12.1238 9.3226 the
483.830 558.612 34.2003 9.3226 apparent
522.819 558.612 43.9453 9.3226 polysilicon

314.995 569.528 39.4312 9.3226 thickness,
358.300 569.528 8.2747 9.3226 as
370.507 569.528 37.8526 9.3226 measured
412.392 569.528 17.4451 9.3226 with
433.911 569.528 51.7448 9.3226 ellipsometry,
489.729 569.528 18.0396 9.3226 after
511.662 569.528 41.2901 9.3226 deposition
556.866 569.528 10.0134 9.3226 on

314.995 580.445 12.1357 9.3226 the
329.766 580.445 16.0027 9.3226 TiN
348.404 580.445 8.2747 9.3226 as
359.434 580.445 4.4137 9.3226 a
366.514 580.445 32.9905 9.3226 function
402.099 580.445 8.3533 9.3226 of
413.146 580.445 12.1357 9.3226 the
427.948 580.445 17.3706 9.3226 time
448.113 580.445 32.9945 9.3226 between
483.862 580.445 21.9374 9.3226 metal
508.554 580.445 41.2901 9.3226 deposition
552.438 580.445 14.3426 9.3226 and

314.995 591.361 44.0855 9.3226 polysilicon
362.394 591.361 43.7246 9.3226 deposition.
409.594 591.361 6.1255 9.3226 It
419.075 591.361 30.2956 9.3226 appears
452.822 591.361 8.2757 9.3226 as
464.428 591.361 6.0689 9.3226 if
474.029 591.361 12.1377 9.3226 the
489.552 591.361 44.0377 9.3226 polysilicon
537.022 591.361 19.6897 9.3226 layer
560.125 591.361 6.6255 9.3226 is

314.995 602.277 28.1325 9.3226 thinner
346.542 602.277 18.0326 9.3226 after
368.109 602.277 4.4137 9.3226 a
375.879 602.277 25.3640 9.3226 longer
404.657 602.277 17.4918 9.3226 time
425.625 602.277 32.7529 9.3226 between
461.853 602.277 43.7753 9.3226 operations.
509.142 602.277 38.7473 9.3226 However,
551.403 602.277 5.4038 9.3226 it
560.164 602.277 6.6255 9.3226 is

314.995 613.193 31.9130 9.3226 difficult
352.189 613.193 7.7220 9.3226 to
365.419 613.193 43.2286 9.3226 understand
414.156 613.193 14.7969 9.3226 that
434.353 613.193 11.9747 9.3226 the
451.716 613.193 23.5189 9.3226 actual
480.516 613.193 44.0238 9.3226 polysilicon
529.888 613.193 36.7571 9.3226 thickness

314.995 624.109 24.6890 9.3226 would
347.069 624.109 17.6618 9.3226 vary
371.878 624.109 17.4471 9.3226 with
396.644 624.109 12.1457 9.3226 the
416.109 624.109 17.5008 9.3226 time
440.929 624.109 32.8921 9.3226 between
481.141 624.109 43.7584 9.3226 operations.
532.219 624.109 7.1773 9.3226 A
546.501 624.109 20.3429 9.3226 close

314.995 635.025 48.9087 9.3226 examination
367.216 635.025 8.3513 9.3226 of
378.860 635.025 12.1119 9.3226 the
394.366 635.025 27.9535 9.3226 spectra
425.594 635.025 8.3513 9.3226 of
437.237 635.025 26.4395 9.3226 wafers
467.126 635.025 17.4193 9.3226 with
488.008 635.025 19.8786 9.3226 short
511.251 635.025 14.1686 9.3226 and
528.882 635.025 17.6111 9.3226 long
549.955 635.025 16.9342 9.3226 wait

314.995 645.941 17.4869 9.3226 time
336.796 645.941 47.8461 9.3226 respectively
388.796 645.941 24.6929 9.3226 shows
417.802 645.941 4.4137 9.3226 a
426.529 645.941 29.0918 9.3226 distinct
459.934 645.941 17.5793 9.3226 shift
481.702 645.941 19.2404 9.3226 from
505.130 645.941 12.1337 9.3226 the
521.577 645.941 24.7705 9.3226 model
550.536 645.941 7.6017 9.3226 in
562.403 645.941 4.4137 9.3226 a

314.995 656.858 26.9744 9.3226 certain
350.679 656.858 15.4838 9.3226 part
374.923 656.858 8.3483 9.3226 of
392.080 656.858 12.1258 9.3226 the
413.116 656.858 36.3058 9.3226 spectrum
458.252 656.858 18.9084 9.3226 (Fig.
486.030 656.858 10.8027 9.3226 8).
505.631 656.858 15.4361 9.3226 The
529.977 656.858 36.7660 9.3226 thickness

314.995 667.774 52.7240 9.3226 measurement
372.913 667.774 6.6643 9.3226 is
384.709 667.774 22.5795 9.3226 based
412.363 667.774 9.9746 9.3226 on
427.332 667.774 4.4137 9.3226 a
436.821 667.774 24.7794 9.3226 model
466.675 667.774 8.3145 9.3226 of
480.083 667.774 12.1347 9.3226 the
497.412 667.774 49.8591 9.3226 transmission
552.385 667.774 14.3416 9.3226 and

314.995 678.809 37.9838 9.3226 reflection
355.450 678.809 39.5216 9.3226 properties
397.474 678.809 8.3503 9.3226 of
408.276 678.809 12.1099 9.3226 the
422.939 678.809 23.6651 9.3226 layers
448.973 678.809 10.0104 9.3226 on
461.574 678.809 23.9872 9.3226 which
488.183 678.809 12.1099 9.3226 the
502.845 678.809 18.1559 9.3226 light
523.523 678.809 6.6116 9.3226 is
532.624 678.809 34.2461 9.3226 incident,

314.995 689.726 14.3207 9.3226 and
332.508 689.726 12.1139 9.3226 the
347.647 689.726 17.5564 9.3226 shift
368.307 689.726 35.7342 9.3226 observed
407.233 689.726 6.6136 9.3226 is
416.818 689.726 39.4988 9.3226 consistent
459.420 689.726 17.4222 9.3226 with
479.946 689.726 37.4897 9.3226 oxidation
520.539 689.726 8.3523 9.3226 of
531.944 689.726 12.1139 9.3226 the
547.083 689.726 19.7037 9.3226 layer

314.995 700.642 30.9219 9.3226 beneath
348.438 700.642 12.1496 9.3226 the
363.109 700.642 46.5160 9.3226 polysilicon.
412.058 700.642 11.0452 9.3226 To
425.696 700.642 9.3851 9.3226 be
437.602 700.642 21.6421 9.3226 clear,
461.765 700.642 20.3548 9.3226 other
484.693 700.642 28.6176 9.3226 surface
515.854 700.642 34.3634 9.3226 changes,
552.770 700.642 14.2700 9.3226 e.g.

297.660 746.000 16.6800 10.0000 317

503.540 744.450 29.4370 11.1600 ASMC
535.758 744.450 22.2370 11.1600 2017

76.0600 778.234 33.4600 6.4750 Authorized
111.466 778.234 25.6760 6.4750 licensed
139.088 778.234 11.2840 6.4750 use
152.318 778.234 20.2230 6.4750 limited
174.487 778.234 7.7840 6.4750 to:
184.217 778.234 50.1830 6.4750 Fernuniversitaet
236.346 778.234 22.5680 6.4750 Hagen.
260.860 778.234 38.9060 6.4750 Downloaded
301.712 778.234 7.7840 6.4750 on
311.442 778.234 24.8990 6.4750 October
338.287 778.234 25.2980 6.4750 11,2022
365.531 778.234 5.8380 6.4750 at
373.315 778.234 27.2440 6.4750 16:15:53
402.505 778.234 14.3850 6.4750 UTC
418.836 778.234 14.0000 6.4750 from
434.782 778.234 15.9530 6.4750 IEEE
452.681 778.234 22.1760 6.4750 Xplore.
478.749 778.234 36.5610 6.4750 Restrictions
517.256 778.234 18.6760 6.4750 apply.

45.3600 55.4688 50.7836 9.3226 morphology,
99.0542 55.4688 22.0268 9.3226 could
123.912 55.4688 15.9341 9.3226 also
142.641 55.4688 22.0686 9.3226 cause
167.503 55.4688 18.1768 9.3226 such
188.511 55.4688 4.4137 9.3226 a
195.839 55.4688 20.0814 9.3226 shift,
218.716 55.4688 12.6904 9.3226 but
234.321 55.4688 7.7687 9.3226 in
244.921 55.4688 19.1947 9.3226 view
266.776 55.4688 8.3155 9.3226 of
278.022 55.4688 19.2106 9.3226 what

45.3600 66.3850 11.3743 9.3226 we
59.9998 66.3850 22.2515 9.3226 know
85.2743 66.3850 8.3542 9.3226 of
96.7927 66.3850 12.1178 9.3226 the
111.937 66.3850 39.6270 9.3226 properties
154.537 66.3850 8.3542 9.3226 of
165.936 66.3850 12.1178 9.3226 the
181.279 66.3850 34.7580 9.3226 material,
219.072 66.3850 37.4649 9.3226 oxidation
259.602 66.3850 6.6156 9.3226 is
269.310 66.3850 4.4137 9.3226 a
276.870 66.3850 20.2534 9.3226 more

45.3600 77.3011 22.7028 9.3226 likely
70.4098 77.3011 48.5131 9.3226 explanation.

45.3600 261.931 12.5632 7.5254 Fig.
59.9967 261.931 6.0842 7.5254 7.
72.0013 261.931 29.8158 7.5254 Apparent
104.508 261.931 22.6716 7.5254 change
129.758 261.931 6.6226 7.5254 of
138.959 261.931 35.5782 7.5254 polysilicon
177.243 261.931 29.7725 7.5254 thickness
209.648 261.931 6.7277 7.5254 as
219.007 261.931 3.5629 7.5254 a
225.254 261.931 26.5699 7.5254 function
254.529 261.931 6.6226 7.5254 of
263.730 261.931 9.9231 7.5254 the
276.232 261.931 20.9520 7.5254 Queue

45.3600 271.169 14.3783 7.5254 time
61.6995 271.169 26.4568 7.5254 between
90.2603 271.169 14.8357 7.5254 final
107.065 271.169 17.7245 7.5254 metal
126.758 271.169 11.5729 7.5254 and
140.315 271.169 35.4458 7.5254 polysilicon
177.855 271.169 35.3335 7.5254 deposition.

45.3600 458.251 12.5632 7.5254 Fig.
59.9967 458.251 6.0842 7.5254 8.
72.0013 458.251 34.8023 7.5254 Deviations
108.837 458.251 15.4752 7.5254 from
126.350 458.251 9.8075 7.5254 the
138.115 458.251 19.9754 7.5254 model
160.063 458.251 6.7358 7.5254 as
168.833 458.251 3.5629 7.5254 a
174.487 458.251 26.5779 7.5254 function
203.157 458.251 6.6322 7.5254 of
211.792 458.251 38.9180 7.5254 wavelength.
252.802 458.251 12.4476 7.5254 The
267.206 458.251 29.8190 7.5254 deviation

45.3600 467.489 15.4889 7.5254 from
64.0523 467.489 9.9263 7.5254 the
77.1354 467.489 19.9706 7.5254 model
100.309 467.489 29.0005 7.5254 (nominal
132.362 467.489 6.7518 7.5254 0)
142.325 467.489 9.2827 7.5254 for
154.811 467.489 3.5629 7.5254 a
161.651 467.489 18.0214 7.5254 wafer
182.876 467.489 14.2146 7.5254 with
200.399 467.489 30.2106 7.5254 relatively
233.676 467.489 16.0057 7.5254 short
252.975 467.489 14.3703 7.5254 time
270.382 467.489 26.5691 7.5254 between

45.3600 476.605 17.8449 7.5254 metal
65.4212 476.605 33.3956 7.5254 deposition
101.033 476.605 11.4606 7.5254 and
114.717 476.605 35.5702 7.5254 polysilicon
152.511 476.605 5.4021 7.5254 is
160.191 476.605 29.2180 7.5254 indicated
191.753 476.605 6.1797 7.5254 in
200.277 476.605 10.1205 7.5254 red
212.613 476.605 11.5882 7.5254 and
226.418 476.605 11.5882 7.5254 one
240.222 476.605 14.2130 7.5254 with
256.659 476.605 17.7125 7.5254 much
276.716 476.605 20.1856 7.5254 longer

45.3600 485.843 13.7524 7.5254 wait
61.3239 485.843 14.2571 7.5254 time
77.6602 485.843 6.1781 7.5254 in
85.9479 485.843 15.7810 7.5254 blue.
103.940 485.843 12.4508 7.5254 The
118.350 485.843 20.4232 7.5254 higher
140.898 485.843 29.6931 7.5254 deviation
172.803 485.843 6.6339 7.5254 of
181.442 485.843 9.9087 7.5254 the
193.310 485.843 13.8559 7.5254 blue
209.245 485.843 11.9766 7.5254 line
223.300 485.843 5.4037 7.5254 is
230.740 485.843 24.4458 7.5254 thought
257.281 485.843 6.2944 7.5254 to
265.565 485.843 7.6265 7.5254 be
275.270 485.843 21.6694 7.5254 caused

45.3600 495.081 8.0911 7.5254 by
55.3168 495.081 32.0940 7.5254 additional
89.3888 495.081 23.4596 7.5254 oxygen
114.954 495.081 23.5928 7.5254 content
140.525 495.081 6.6226 7.5254 of
149.126 495.081 9.9247 7.5254 the
161.029 495.081 15.1807 7.5254 film.

59.7600 514.348 24.3251 9.3226 While
88.4362 514.348 20.2464 9.3226 these
113.112 514.348 32.5452 9.3226 findings
149.967 514.348 19.8011 9.3226 paint
174.198 514.348 4.4137 9.3226 a
182.963 514.348 21.5208 9.3226 fairly
208.753 514.348 44.0874 9.3226 convincing
257.270 514.348 27.4147 9.3226 picture
288.996 514.348 8.3493 9.3226 of

45.3558 525.265 19.1867 9.3226 what
70.5617 525.265 25.7954 9.3226 causes
102.203 525.265 12.1139 9.3226 the
120.226 525.265 31.8086 9.3226 changes
157.881 525.265 7.7528 9.3226 in
171.582 525.265 12.1139 9.3226 the
189.605 525.265 36.7670 9.3226 gatestack
232.201 525.265 14.2014 9.3226 and
252.350 525.265 12.1139 9.3226 the
270.254 525.265 26.8044 9.3226 related

45.3558 536.181 37.4420 9.3226 reduction
86.9511 536.181 8.3135 9.3226 of
99.6365 536.181 30.1176 9.3226 leakage
134.107 536.181 30.4666 9.3226 current,
168.925 536.181 5.5599 9.3226 it
178.680 536.181 18.2781 9.3226 does
201.249 536.181 12.6089 9.3226 not
218.182 536.181 30.1823 9.3226 directly
252.637 536.181 28.0410 9.3226 answer
285.031 536.181 12.1327 9.3226 the

45.3558 547.097 30.9030 9.3226 original
81.9031 547.097 33.6367 9.3226 question
121.251 547.097 21.9403 9.3226 about
148.955 547.097 22.3091 9.3226 yield.
176.937 547.097 23.1501 9.3226 There
205.880 547.097 9.0014 9.3226 is,
220.673 547.097 36.5662 9.3226 however,
262.912 547.097 4.4137 9.3226 a
273.122 547.097 24.1472 9.3226 defect

45.3558 558.014 35.8515 9.3226 observed
85.2383 558.014 30.7459 9.3226 through
120.134 558.014 27.8402 9.3226 Failure
152.086 558.014 34.4727 9.3226 Analysis
190.709 558.014 19.3110 9.3226 (FA)
214.051 558.014 8.3493 9.3226 of
226.410 558.014 29.6753 9.3226 devices
260.133 558.014 25.6691 9.3226 failing
289.953 558.014 7.1276 9.3226 at

45.3558 568.930 40.2036 9.3226 functional
89.7564 568.930 13.6954 9.3226 test
107.648 568.930 14.7064 9.3226 that
126.552 568.930 6.6156 9.3226 is
137.341 568.930 39.5713 9.3226 consistent
181.217 568.930 17.4282 9.3226 with
202.951 568.930 4.4137 9.3226 a
211.472 568.930 28.0778 9.3226 change
243.777 568.930 7.7190 9.3226 in
255.641 568.930 12.1178 9.3226 the
271.986 568.930 24.9812 9.3226 high-k

45.3558 579.846 19.0227 9.3226 gate.
67.8926 579.846 8.3334 9.3226 In
79.8991 579.846 32.8921 9.3226 multiple
116.416 579.846 36.2352 9.3226 instances
156.104 579.846 8.3533 9.3226 of
167.991 579.846 56.6377 9.3226 gate-to-source
228.253 579.846 14.1825 9.3226 and
246.150 579.846 50.9546 9.3226 gate-to-drain

45.3558 590.762 26.1572 9.3226 shorts,
74.2606 590.762 11.3673 9.3226 we
88.4163 590.762 18.7324 9.3226 have
109.896 590.762 23.1621 9.3226 found
135.884 590.762 14.7969 9.3226 that
153.440 590.762 21.9234 9.3226 metal
177.991 590.762 38.5295 9.3226 originally
219.109 590.762 38.0186 9.3226 deposited
259.834 590.762 8.2688 9.3226 as
270.731 590.762 15.4808 9.3226 part
288.851 590.762 8.3473 9.3226 of

45.3558 601.679 12.1397 9.3226 the
62.8914 601.679 36.7263 9.3226 gatestack
105.013 601.679 36.8207 9.3226 remained
147.307 601.679 10.0144 9.3226 on
162.546 601.679 23.6591 9.3226 active
191.601 601.679 32.2867 9.3226 material
229.284 601.679 14.1756 9.3226 and
248.933 601.679 30.8026 9.3226 beneath
285.131 601.679 11.9687 9.3226 the

45.3558 612.595 27.8114 9.3226 spacer,
79.3165 612.595 30.2200 9.3226 causing
115.725 612.595 59.8565 9.3226 source-to-body
181.652 612.595 26.1264 9.3226 shorts.
213.947 612.595 23.6223 9.3226 These
243.733 612.595 28.1643 9.3226 defects
277.985 612.595 19.1728 9.3226 were

45.3558 623.511 23.1312 9.3226 found
72.0409 623.511 57.5960 9.3226 predominantly
133.061 623.511 11.6198 9.3226 for
148.200 621.808 25.3809 11.0257 p-type
177.131 623.511 23.5706 9.3226 active
204.251 623.511 32.3802 9.3226 material
240.113 623.511 26.8909 9.3226 having
270.553 623.511 4.4137 9.3226 a
278.398 623.511 18.6092 9.3226 right

45.3558 634.427 21.3986 9.3226 angle
70.7426 634.427 22.5398 9.3226 shape
97.1513 634.427 32.9378 9.3226 crossing
133.995 634.427 22.5020 9.3226 under
160.384 634.427 11.9727 9.3226 the
176.345 634.427 18.9134 9.3226 gate.
199.255 634.427 7.1773 9.3226 A
210.220 634.427 21.0805 9.3226 TEM
235.175 634.427 27.5539 9.3226 picture
266.638 634.427 8.3463 9.3226 of
278.871 634.427 18.0406 9.3226 such

45.3558 645.343 24.2108 9.3226 defect
72.4474 645.343 6.6196 9.3226 is
82.0562 645.343 25.6184 9.3226 shown
110.663 645.343 7.7230 9.3226 in
121.376 645.343 15.7134 9.3226 Fig.
139.959 645.343 7.5232 9.3226 9,
150.401 645.343 17.4302 9.3226 with
170.899 645.343 4.4137 9.3226 a
178.223 645.343 39.5475 9.3226 schematic
220.681 645.343 8.3483 9.3226 of
231.839 645.343 12.1258 9.3226 the
246.875 645.343 24.7148 9.3226 layout
274.460 645.343 7.7230 9.3226 in
285.172 645.343 11.9767 9.3226 the

45.3558 656.259 21.2186 9.3226 inset.
74.1652 656.259 15.4599 9.3226 The
97.2965 656.259 12.6566 9.3226 red
117.743 656.259 14.8844 9.3226 line
140.220 656.259 40.1161 9.3226 represents
188.008 656.259 11.3047 9.3226 Ti,
207.023 656.259 24.0070 9.3226 which
238.820 656.259 13.2332 9.3226 has
259.844 656.259 4.4137 9.3226 a
271.969 656.259 25.1532 9.3226 higher

45.3558 667.176 53.9080 9.3226 concentration
104.014 667.176 9.9657 9.3226 on
118.730 667.176 12.1228 9.3226 the
135.566 667.176 25.8779 9.3226 border
166.175 667.176 33.0263 9.3226 between
204.071 667.176 23.5637 9.3226 active
232.579 667.176 8.1594 9.3226 Si
245.541 667.176 14.3297 9.3226 and
264.741 667.176 32.4279 9.3226 Shallow

45.3558 678.092 28.1335 9.3226 Trench
76.3234 678.092 34.6526 9.3226 Isolation
113.771 678.092 23.8152 9.3226 (STI).
140.501 678.092 12.6954 9.3226 FA
156.098 678.092 33.3713 9.3226 revealed
192.384 678.092 14.7740 9.3226 that
210.072 678.092 12.0960 9.3226 the
225.083 678.092 36.7740 9.3226 gatestack
264.691 678.092 32.4090 9.3226 material

45.3558 689.008 6.6196 9.3226 is
55.3244 689.008 35.5920 9.3226 clustered
94.3440 689.008 7.7230 9.3226 in
105.256 689.008 12.1258 9.3226 the
120.652 689.008 20.4731 9.3226 divot
144.246 689.008 32.9647 9.3226 between
180.560 689.008 23.6462 9.3226 active
207.477 689.008 26.3491 9.3226 silicon
237.175 689.008 14.1726 9.3226 and
254.775 689.008 14.8277 9.3226 STI
272.772 689.008 24.4076 9.3226 oxide.

45.3558 699.925 19.9074 9.3226 Such
70.0119 699.925 24.3182 9.3226 divots
99.0967 699.925 12.0960 9.3226 are
115.903 699.925 26.9515 9.3226 caused
147.575 699.925 9.9796 9.3226 by
162.184 699.925 33.5731 9.3226 repeated
200.505 699.925 20.9721 9.3226 clean
226.226 699.925 14.2223 9.3226 and
245.288 699.925 17.4411 9.3226 strip
267.449 699.925 29.6435 9.3226 process

315.000 55.4040 19.9323 9.3226 steps
338.984 55.4040 37.9758 9.3226 involving
381.033 55.4040 14.3336 9.3226 e.g.
399.360 55.4040 22.5706 9.3226 dilute
426.035 55.4040 12.6049 9.3226 HF
442.831 55.4040 28.8283 9.3226 (DHF),
475.772 55.4040 24.0150 9.3226 which
503.980 55.4040 42.2802 9.3226 selectively
550.293 55.4040 16.5405 9.3226 etch

315.000 66.3201 24.4116 9.3226 oxide.
342.443 66.3201 13.2551 9.3226 Fig
358.531 66.3201 9.9756 9.3226 10
371.459 66.3201 24.5906 9.3226 shows
399.020 66.3201 4.4137 9.3226 a
406.469 66.3201 39.6698 9.3226 schematic
449.054 66.3201 32.5422 9.3226 diagram
484.422 66.3201 8.3155 9.3226 of
495.670 66.3201 12.1347 9.3226 the
510.720 66.3201 20.4124 9.3226 divot
534.167 66.3201 17.5256 9.3226 with
554.645 66.3201 12.1347 9.3226 the

315.000 77.2363 16.0802 9.3226 TiN
334.114 77.2363 35.8256 9.3226 collected
372.973 77.2363 22.3360 9.3226 there.
398.340 77.2363 41.1778 9.3226 Obviously
442.469 77.2363 4.4137 9.3226 a
450.036 77.2363 43.6322 9.3226 continuous
496.757 77.2363 17.4411 9.3226 strip
517.232 77.2363 8.3135 9.3226 of
528.477 77.2363 16.0683 9.3226 TiN
547.699 77.2363 19.2553 9.3226 from

315.000 88.1524 25.9415 9.3226 source
343.369 88.1524 7.6117 9.3226 to
353.446 88.1524 20.0128 9.3226 body
375.804 88.1524 15.2462 9.3226 will
393.573 88.1524 22.0865 9.3226 cause
418.087 88.1524 36.0861 9.3226 electrical
456.570 88.1524 26.0976 9.3226 shorts.

315.000 281.492 12.5632 7.5254 Fig.
329.636 281.492 6.0842 7.5254 9.
341.641 281.492 33.1340 7.5254 Top-down
377.120 281.492 15.6454 7.5254 view
395.012 281.492 14.2154 7.5254 with
411.558 281.492 31.0636 7.5254 elemental
444.831 281.492 25.8172 7.5254 analysis
472.919 281.492 6.6290 7.5254 of
481.797 281.492 15.0901 7.5254 Gate
499.089 281.492 14.0702 7.5254 over
515.407 281.492 19.3094 7.5254 active
536.918 281.492 13.3014 7.5254 area
552.541 281.492 14.2154 7.5254 with

315.000 290.730 3.5629 7.5254 a
320.657 290.730 19.8719 7.5254 notch.
342.480 290.730 12.9026 7.5254 Red
357.477 290.730 18.2525 7.5254 under
377.736 290.730 9.9151 7.5254 the
389.611 290.730 13.4154 7.5254 gate
404.987 290.730 28.4830 7.5254 indicates
435.508 290.730 9.7979 7.5254 the
447.386 290.730 28.0480 7.5254 presence
477.515 290.730 6.6355 7.5254 of
486.157 290.730 7.0303 7.5254 Ti
495.397 290.730 11.4590 7.5254 and
508.950 290.730 9.7979 7.5254 the
520.829 290.730 10.1349 7.5254 red
533.179 290.730 11.9573 7.5254 line
547.216 290.730 19.5637 7.5254 marks

315.000 299.848 9.9151 7.5254 the
327.834 299.848 16.4021 7.5254 divot
347.292 299.848 7.9739 7.5254 on
358.336 299.848 9.8108 7.5254 the
371.066 299.848 20.9022 7.5254 border
394.934 299.848 26.5828 7.5254 between
424.572 299.848 6.6651 7.5254 Si
434.293 299.848 11.5609 7.5254 and
448.908 299.848 13.7636 7.5254 STI.
465.702 299.848 35.3439 7.5254 Remaining
503.996 299.848 31.5202 7.5254 Gatestack
538.571 299.848 28.0841 7.5254 material,

315.000 309.086 29.3263 7.5254 indicated
346.414 309.086 8.0726 7.5254 by
356.470 309.086 23.6129 7.5254 arrows,
382.291 309.086 17.7999 7.5254 could
402.179 309.086 19.1818 7.5254 create
423.443 309.086 3.5629 7.5254 a
428.967 309.086 21.5650 7.5254 defect.
452.740 309.086 12.4396 7.5254 The
467.141 309.086 15.1743 7.5254 inset
484.405 309.086 5.4005 7.5254 is
491.723 309.086 3.5629 7.5254 a
497.374 309.086 26.2746 7.5254 diagram
525.737 309.086 6.2912 7.5254 to
534.011 309.086 20.9536 7.5254 clarify
556.949 309.086 9.9022 7.5254 the

315.000 318.324 22.0537 7.5254 layout.

315.005 469.892 12.5680 7.5254 Fig.
329.648 469.892 10.1365 7.5254 10.
341.645 469.892 33.4357 7.5254 Schematic
379.099 469.892 29.7115 7.5254 depiction
412.956 469.892 6.6226 7.5254 of
423.596 469.892 9.8100 7.5254 the
437.424 469.892 16.3644 7.5254 divot
457.920 469.892 26.5017 7.5254 between
488.567 469.892 11.9942 7.5254 STI
504.490 469.892 11.6957 7.5254 and
520.331 469.892 19.0718 7.5254 active
543.421 469.892 23.3593 7.5254 silicon,

315.004 479.130 19.5204 7.5254 where
336.485 479.130 29.9378 7.5254 gatestack
368.413 479.130 26.2738 7.5254 material
396.656 479.130 11.0987 7.5254 can
409.714 479.130 23.2486 7.5254 collect.

329.400 515.310 15.4480 9.3226 The
350.273 515.310 20.4065 9.3226 divot
376.077 515.310 30.1703 9.3226 causing
411.722 515.310 11.9280 9.3226 the
429.077 515.310 24.2029 9.3226 defect
458.755 515.310 6.5858 9.3226 is
470.714 515.310 23.0010 9.3226 found
499.189 515.310 10.0144 9.3226 on
514.438 513.607 25.2804 11.0257 p-type
545.264 515.310 21.4890 9.3226 MOS

314.995 526.227 29.8274 9.3226 devices
348.874 526.227 31.4259 9.3226 because
384.582 526.227 7.6962 9.3226 in
396.430 526.227 25.1005 9.3226 high-k
425.880 526.227 21.9423 9.3226 metal
452.024 526.227 16.4421 9.3226 gate
472.747 526.227 46.2933 9.3226 technology,
523.280 526.227 12.0681 9.3226 the
539.629 526.227 16.4341 9.3226 gate
560.295 526.227 6.5908 9.3226 is

314.994 537.143 38.0067 9.3226 deposited
355.625 537.143 10.0134 9.3226 on
368.113 537.143 30.8205 9.3226 channel
401.449 537.143 19.7514 9.3226 SiGe
423.866 537.143 41.6142 9.3226 epitaxially
467.954 537.143 25.2904 9.3226 grown
495.869 537.143 10.0134 9.3226 on
508.476 537.143 40.3954 9.3226 silicon[5].
551.306 537.143 15.4261 9.3226 The

314.994 548.059 33.6665 9.3226 preclean
351.972 548.059 29.7160 9.3226 process
385.256 548.059 11.3524 9.3226 for
400.239 548.059 12.0095 9.3226 the
415.759 548.059 31.5670 9.3226 epitaxy,
450.957 548.059 24.0866 9.3226 which
478.593 548.059 33.7023 9.3226 involves
515.744 548.059 22.2972 9.3226 DHF,
541.671 548.059 25.2457 9.3226 makes

314.994 558.975 12.1457 9.3226 the
329.539 558.975 20.4124 9.3226 divot
352.350 558.975 47.4663 9.3226 consistently
402.169 558.975 22.9941 9.3226 larger
427.616 558.975 11.4776 9.3226 for
441.546 558.975 22.5149 9.3226 pFET
466.624 558.975 32.2221 9.3226 devices.

329.399 575.897 20.0029 9.3226 Thus
352.246 575.897 5.5042 9.3226 it
360.510 575.897 30.2419 9.3226 appears
393.597 575.897 14.7740 9.3226 that
411.250 575.897 12.1019 9.3226 the
426.260 575.897 35.1199 9.3226 variation
464.238 575.897 8.3463 9.3226 of
475.391 575.897 12.1019 9.3226 the
490.401 575.897 16.4242 9.3226 gate
509.613 575.897 36.7253 9.3226 dielectric
549.247 575.897 17.4044 9.3226 with

314.994 586.813 14.3724 9.3226 slot
332.252 586.813 31.9517 9.3226 position
367.275 586.813 6.6663 9.3226 is
376.912 586.813 26.8282 9.3226 caused
406.812 586.813 9.9766 9.3226 by
419.741 586.813 39.8407 9.3226 oxidation,
462.613 586.813 30.3155 9.3226 causing
495.881 586.813 12.1347 9.3226 the
511.049 586.813 22.4026 9.3226 lower
536.608 586.813 30.1594 9.3226 leakage

314.994 597.729 28.1166 9.3226 current
353.067 597.729 61.8974 9.3226 through-FOUP.
424.878 597.729 15.3357 9.3226 The
450.199 597.729 27.4018 9.3226 thicker
487.635 597.729 36.7561 9.3226 gatestack
534.305 597.729 6.5848 9.3226 is
550.823 597.729 15.8695 9.3226 also

314.994 608.646 48.4107 9.3226 contributing
368.055 608.646 7.6156 9.3226 to
380.420 608.646 11.9478 9.3226 the
397.079 608.646 32.4100 9.3226 material
433.931 608.646 22.1282 9.3226 being
460.710 608.646 20.2991 9.3226 more
485.600 608.646 31.9020 9.3226 resilient
522.064 608.646 28.1136 9.3226 against
554.620 608.646 12.0880 9.3226 the

314.994 619.562 36.8505 9.3226 gatestack
358.513 619.562 42.2991 9.3226 processing
407.489 619.562 14.8506 9.3226 that
429.059 619.562 6.5858 9.3226 is
442.331 619.562 36.7979 9.3226 supposed
485.924 619.562 7.6137 9.3226 to
500.206 619.562 29.7389 9.3226 remove
536.741 619.562 7.8473 9.3226 it.
551.264 619.562 15.4530 9.3226 The

314.994 630.478 35.8863 9.3226 tendency
353.348 630.478 8.3463 9.3226 of
364.261 630.478 12.1477 9.3226 the
378.930 630.478 20.3945 9.3226 divot
401.845 630.478 7.7339 9.3226 to
412.219 630.478 26.2626 9.3226 collect
441.122 630.478 20.3230 9.3226 more
464.085 630.478 16.4162 9.3226 gate
483.051 630.478 21.9453 9.3226 metal
507.636 630.478 38.9819 9.3226 combined
549.324 630.478 17.5694 9.3226 with

314.994 641.394 12.1188 9.3226 the
329.660 641.394 37.2710 9.3226 increased
369.395 641.394 37.7621 9.3226 resilience
409.703 641.394 7.6107 9.3226 to
419.659 641.394 22.0308 9.3226 oxide
444.237 641.394 16.4908 9.3226 etch
463.072 641.394 13.8515 9.3226 can
479.269 641.394 21.9821 9.3226 result
503.648 641.394 7.7608 9.3226 in
513.873 641.394 25.9823 9.3226 shorts.

329.399 658.317 23.1322 9.3226 There
356.161 658.317 6.6603 9.3226 is
366.386 658.317 9.4139 9.3226 an
379.466 658.317 34.5999 9.3226 effective
417.694 658.317 29.6534 9.3226 remedy
450.894 658.317 11.5830 9.3226 for
466.123 658.317 37.3257 9.3226 oxidation
507.115 658.317 7.7638 9.3226 in
518.426 658.317 31.9239 9.3226 ambient
553.948 658.317 12.8047 9.3226 air,

314.994 669.233 24.1144 9.3226 which
341.851 669.233 13.2173 9.3226 has
357.811 669.233 18.7275 9.3226 been
379.281 669.233 29.7210 9.3226 gaining
411.745 669.233 40.6758 9.3226 popularity
455.013 669.233 7.7170 9.3226 in
465.473 669.233 12.1139 9.3226 the
480.330 669.233 34.8037 9.3226 industry,
517.876 669.233 12.7282 9.3226 but
533.347 669.233 23.9951 9.3226 which
560.085 669.233 6.6136 9.3226 is

314.994 680.149 35.8505 9.3226 currently
354.391 680.149 12.7143 9.3226 not
370.703 680.149 12.0900 9.3226 the
386.301 680.149 27.6096 9.3226 default
417.389 680.149 25.2288 9.3226 option
446.282 680.149 7.7310 9.3226 in
457.559 680.149 13.2511 9.3226 our
474.456 680.149 17.6300 9.3226 Fab:
495.683 680.149 33.0522 9.3226 nitrogen
532.162 680.149 22.6352 9.3226 purge
558.305 680.149 8.3354 9.3226 of

314.994 691.066 26.4435 9.3226 wafers
345.249 691.066 32.8583 9.3226 between
382.061 691.066 43.7177 9.3226 operations,
429.652 691.066 45.4901 9.3226 specifically
478.935 691.066 7.7270 9.3226 in
490.455 691.066 12.1337 9.3226 the
506.454 691.066 32.4676 9.3226 stockers
542.733 691.066 24.0637 9.3226 where

314.994 701.982 12.0820 9.3226 the
330.460 701.982 25.3103 9.3226 FOUP
359.094 701.982 41.7732 9.3226 containing
404.190 701.982 12.0820 9.3226 the
419.656 701.982 26.3362 9.3226 wafers
449.312 701.982 6.5977 9.3226 is
459.233 701.982 24.0746 9.3226 stored
486.734 701.982 29.5023 9.3226 waiting
519.559 701.982 11.5254 9.3226 for
534.490 701.982 11.9459 9.3226 the
549.759 701.982 16.9481 9.3226 next

297.660 746.000 16.6800 10.0000 318

503.540 744.450 29.4370 11.1600 ASMC
535.758 744.450 22.2370 11.1600 2017

76.0600 778.234 33.4600 6.4750 Authorized
111.466 778.234 25.6760 6.4750 licensed
139.088 778.234 11.2840 6.4750 use
152.318 778.234 20.2230 6.4750 limited
174.487 778.234 7.7840 6.4750 to:
184.217 778.234 50.1830 6.4750 Fernuniversitaet
236.346 778.234 22.5680 6.4750 Hagen.
260.860 778.234 38.9060 6.4750 Downloaded
301.712 778.234 7.7840 6.4750 on
311.442 778.234 24.8990 6.4750 October
338.287 778.234 25.2980 6.4750 11,2022
365.531 778.234 5.8380 6.4750 at
373.315 778.234 27.2440 6.4750 16:15:53
402.505 778.234 14.3850 6.4750 UTC
418.836 778.234 14.0000 6.4750 from
434.782 778.234 15.9530 6.4750 IEEE
452.681 778.234 22.1760 6.4750 Xplore.
478.749 778.234 36.5610 6.4750 Restrictions
517.256 778.234 18.6760 6.4750 apply.

45.3600 55.4688 35.7720 9.3226 available
86.6730 55.4688 15.3844 9.3226 tool
107.578 55.4688 21.2673 9.3226 [6,7].
134.524 55.4688 20.6868 9.3226 After
160.779 55.4688 11.9966 9.3226 the
178.446 55.4688 41.1569 9.3226 attribution
225.072 55.4688 8.3483 9.3226 of
238.870 55.4688 12.0960 9.3226 the
256.507 55.4688 14.2790 9.3226 slot
276.307 55.4688 20.8300 9.3226 order

45.3600 66.3850 26.4902 9.3226 effects
75.2987 66.3850 7.6166 9.3226 to
86.4652 66.3850 29.0987 9.3226 oxygen
119.113 66.3850 55.6128 9.3226 incorporation,
178.356 66.3850 11.3703 9.3226 we
193.357 66.3850 18.7006 9.3226 have
215.608 66.3850 32.9498 9.3226 changed
252.107 66.3850 11.9290 9.3226 the
267.548 66.3850 29.7170 9.3226 process

45.3600 77.3011 18.2145 9.3226 flow
68.0310 77.3011 7.7220 9.3226 to
80.4997 77.3011 18.5346 9.3226 keep
103.781 77.3011 26.3004 9.3226 wafers
134.607 77.3011 7.7220 9.3226 in
146.878 77.3011 4.4137 9.3226 a
155.960 77.3011 32.8096 9.3226 nitrogen
193.318 77.3011 22.6432 9.3226 purge
220.432 77.3011 49.9913 9.3226 environment
275.211 77.3011 21.9075 9.3226 while

45.3600 88.2173 45.1650 9.3226 undergoing
96.6028 88.2173 12.0642 9.3226 the
114.625 88.2173 29.7787 9.3226 process
150.482 88.2173 19.6470 9.3226 steps
176.206 88.2173 49.4058 9.3226 immediately
231.557 88.2173 39.0137 9.3226 preceding
282.768 88.2173 14.2710 9.3226 and

45.3600 99.1334 37.5384 9.3226 including
85.2435 99.1334 12.1218 9.3226 the
99.7918 99.1334 43.9880 9.3226 polysilicon
146.124 99.1334 43.7127 9.3226 deposition.

59.7642 116.055 21.9990 9.3226 Since
85.3916 116.055 29.5639 9.3226 making
118.515 116.055 14.2452 9.3226 this
136.320 116.055 30.4755 9.3226 change,
170.355 116.055 11.3683 9.3226 we
185.472 116.055 18.7185 9.3226 have
207.701 116.055 35.6944 9.3226 collected
246.955 116.055 4.4137 9.3226 a
254.998 116.055 42.1013 9.3226 substantial

45.3600 126.971 29.6176 9.3226 amount
77.7372 126.971 8.3145 9.3226 of
88.7397 126.971 22.6432 9.3226 inline
114.176 126.971 13.6845 9.3226 test
130.501 126.971 16.5097 9.3226 data
149.680 126.971 9.9746 9.3226 on
162.363 126.971 31.7887 9.3226 affected
196.979 126.971 28.7428 9.3226 wafers.
228.396 126.971 15.5752 9.3226 The
246.641 126.971 20.3727 9.3226 trend
269.688 126.971 8.3145 9.3226 of
280.690 126.971 16.4540 9.3226 gate

45.3600 137.887 30.4109 9.3226 leakage
80.2423 137.887 9.9796 9.3226 by
94.7310 137.887 14.3694 9.3226 slot
113.661 137.887 20.8011 9.3226 order
139.181 137.887 13.1099 9.3226 has
156.937 137.887 37.6239 9.3226 vanished,
199.160 137.887 25.8013 9.3226 except
229.680 137.887 11.3484 9.3226 for
245.747 137.887 12.1347 9.3226 the
262.473 137.887 15.8287 9.3226 first
283.020 137.887 14.1597 9.3226 slot

45.3600 148.804 34.3673 9.3226 position,
83.3627 148.804 23.9872 9.3226 which
111.055 148.804 6.6166 9.3226 is
121.246 148.804 14.7681 9.3226 still
139.492 148.804 31.3185 9.3226 reduced
174.516 148.804 22.5080 9.3226 likely
200.570 148.804 14.3645 9.3226 due
218.443 148.804 7.7200 9.3226 to
229.749 148.804 20.3429 9.3226 other
253.738 148.804 25.9902 9.3226 issues.
283.244 148.804 13.7839 9.3226 We

45.3600 159.720 28.0271 9.3226 ascribe
75.9329 159.720 14.3167 9.3226 this
92.7418 159.720 7.6097 9.3226 to
102.945 159.720 27.0370 9.3226 unique
132.527 159.720 24.6333 9.3226 nature
159.707 159.720 8.3533 9.3226 of
170.514 159.720 12.1158 9.3226 the
185.175 159.720 15.8476 9.3226 first
203.419 159.720 31.9527 9.3226 position
237.846 159.720 7.7180 9.3226 in
248.069 159.720 4.4137 9.3226 a
255.029 159.720 25.2785 9.3226 FOUP
282.932 159.720 14.2432 9.3226 and

45.3600 170.636 25.9624 9.3226 during
77.8783 170.636 44.7654 9.3226 processing,
129.398 170.636 23.9961 9.3226 which
160.069 170.636 23.0229 9.3226 might
189.768 170.636 9.3394 9.3226 be
205.734 170.636 31.9050 9.3226 affected
244.305 170.636 7.1325 9.3226 at
258.113 170.636 38.9272 9.3226 numerous

45.3600 181.552 29.7946 9.3226 process
78.2432 181.552 22.1501 9.3226 steps.
103.543 181.552 9.8911 9.3226 At
116.557 181.552 40.0256 9.3226 functional
159.705 181.552 15.9888 9.3226 test,
178.883 181.552 11.3703 9.3226 we
193.525 181.552 9.8911 9.3226 do
206.606 181.552 12.6049 9.3226 not
222.334 181.552 18.7006 9.3226 have
244.105 181.552 8.3125 9.3226 as
255.506 181.552 21.9036 9.3226 much
280.600 181.552 16.4938 9.3226 data

45.3600 192.468 38.1995 9.3226 available,
87.9086 192.468 12.6805 9.3226 but
104.938 192.468 19.8677 9.3226 early
129.073 192.468 43.2564 9.3226 indications
176.734 192.468 15.9182 9.3226 also
197.121 192.468 20.8071 9.3226 show
222.144 192.468 4.4137 9.3226 a
231.026 192.468 13.2064 9.3226 flat
248.551 192.468 22.7634 9.3226 trend,
275.672 192.468 21.4463 9.3226 again

45.3600 203.384 17.5684 9.3226 with
66.0468 203.384 38.5753 9.3226 exception
107.740 203.384 11.4697 9.3226 for
122.260 203.384 12.1437 9.3226 the
137.435 203.384 15.7910 9.3226 first
156.225 203.384 34.3693 9.3226 position.
193.713 203.384 7.1773 9.3226 A
203.790 203.384 46.1989 9.3226 preliminary
252.940 203.384 32.9538 9.3226 estimate
288.808 203.384 8.3503 9.3226 of

45.3600 214.300 12.1178 9.3226 the
62.0635 214.300 19.7544 9.3226 yield
86.3221 214.300 52.6107 9.3226 improvement
143.518 214.300 6.6564 9.3226 is
154.587 214.300 57.1556 9.3226 approximately
216.128 214.300 23.1024 9.3226 0.6%,
243.704 214.300 7.7598 9.3226 in
255.849 214.300 41.1470 9.3226 agreement

45.3600 225.336 17.6439 9.3226 with
66.1890 225.336 45.6998 9.3226 expectation
114.835 225.336 22.5915 9.3226 based
140.492 225.336 9.9786 9.3226 on
153.536 225.336 13.1149 9.3226 our
169.816 225.336 43.3677 9.3226 knowledge
216.212 225.336 8.3185 9.3226 of
227.696 225.336 12.0115 9.3226 the
242.854 225.336 42.8737 9.3226 prevalence
288.756 225.336 8.3185 9.3226 of

45.3600 236.252 12.1218 9.3226 the
59.9094 236.252 26.5678 9.3226 defect.

59.7642 253.174 12.0482 9.3226 An
78.0046 253.174 39.5912 9.3226 additional
123.591 253.174 27.4644 9.3226 benefit
157.170 253.174 8.3135 9.3226 of
171.536 253.174 12.0135 9.3226 the
189.703 253.174 28.0748 9.3226 change
223.922 253.174 6.6633 9.3226 is
236.557 253.174 14.9291 9.3226 that
257.601 253.174 11.3723 9.3226 we
275.247 253.174 21.8618 9.3226 avoid

45.3600 264.091 62.1708 9.3226 implementation
110.838 264.091 8.3463 9.3226 of
122.471 264.091 4.4137 9.3226 a
130.155 264.091 23.7446 9.3226 queue
157.288 264.091 17.3795 9.3226 time
178.176 264.091 21.0904 9.3226 limit.
202.743 264.091 16.4669 9.3226 Had
222.688 264.091 11.3663 9.3226 we
237.561 264.091 18.7394 9.3226 been
259.778 264.091 26.3481 9.3226 unable
289.484 264.091 7.6127 9.3226 to

45.3600 275.007 10.9707 9.3226 fix
60.7583 275.007 12.1238 9.3226 the
77.3097 275.007 36.7879 9.3226 gatestack
118.525 275.007 36.9042 9.3226 thickness
159.715 275.007 40.5893 9.3226 variability
204.571 275.007 10.0074 9.3226 by
218.846 275.007 33.1456 9.3226 nitrogen
256.300 275.007 24.9971 9.3226 purge,
285.535 275.007 11.3673 9.3226 we

45.3600 285.923 24.6333 9.3226 would
75.2997 285.923 18.6857 9.3226 have
99.2918 285.923 18.7672 9.3226 been
123.283 285.923 25.1015 9.3226 forced
153.729 285.923 7.6117 9.3226 to
166.566 285.923 13.1696 9.3226 use
185.042 285.923 4.4137 9.3226 a
194.643 285.923 23.6830 9.3226 queue
223.632 285.923 17.3775 9.3226 time
246.316 285.923 18.6967 9.3226 limit
270.319 285.923 7.2041 9.3226 at
282.829 285.923 14.2143 9.3226 this

45.3600 296.839 39.7572 9.3226 operation.
87.7933 296.839 25.9216 9.3226 Queue
116.263 296.839 17.4918 9.3226 time
136.509 296.839 22.4602 9.3226 limits
161.603 296.839 12.6924 9.3226 put
177.049 296.839 4.4137 9.3226 a
183.942 296.839 39.0773 9.3226 constraint
225.541 296.839 10.0084 9.3226 on
238.138 296.839 13.1477 9.3226 our
253.973 296.839 32.9200 9.3226 capacity
289.362 296.839 7.7280 9.3226 to

45.3600 307.755 29.7985 9.3226 process
77.5284 307.755 26.3381 9.3226 wafers
106.355 307.755 14.3366 9.3226 and
123.042 307.755 26.5111 9.3226 reduce
151.867 307.755 50.6563 9.3226 productivity.

132.839 333.073 13.0423 9.3226 VI.
150.116 333.073 52.8161 9.3226 CONCLUSION

59.7632 348.268 46.6611 9.3226 Datamining
109.735 348.268 42.3677 9.3226 techniques
155.431 348.268 19.1758 9.3226 were
177.878 348.268 29.0918 9.3226 applied
210.281 348.268 7.6166 9.3226 to
221.328 348.268 15.7482 9.3226 find
240.505 348.268 12.0502 9.3226 the
255.867 348.268 21.9642 9.3226 cause
281.104 348.268 8.3503 9.3226 of
292.625 348.268 4.4137 9.3226 a

45.3590 359.184 19.7245 9.3226 yield
68.2775 359.184 20.2096 9.3226 trend
91.5619 359.184 35.7750 9.3226 observed
130.530 359.184 7.1315 9.3226 at
140.737 359.184 40.0734 9.3226 functional
183.807 359.184 16.1041 9.3226 test.
202.946 359.184 15.4480 9.3226 The
221.421 359.184 20.3170 9.3226 trend
244.813 359.184 15.2671 9.3226 was
263.155 359.184 23.1283 9.3226 found
289.477 359.184 7.6107 9.3226 to

45.3590 370.101 9.4487 9.3226 be
57.4749 370.101 26.8988 9.3226 related
87.0995 370.101 7.6117 9.3226 to
97.5353 370.101 29.0739 9.3226 oxygen
129.314 370.101 53.4507 9.3226 incorporation
185.371 370.101 25.8640 9.3226 during
213.961 370.101 36.8734 9.3226 gatestack
253.420 370.101 43.6192 9.3226 deposition,

45.3590 381.017 24.2039 9.3226 which
74.3166 381.017 16.0395 9.3226 also
95.1833 381.017 26.8093 9.3226 caused
126.865 381.017 4.4137 9.3226 a
136.106 381.017 16.4490 9.3226 gate
157.263 381.017 30.2518 9.3226 leakage
192.342 381.017 27.9535 9.3226 current
225.123 381.017 19.8041 9.3226 issue
249.635 381.017 35.6726 9.3226 observed
290.061 381.017 7.2041 9.3226 at

45.3590 391.933 22.5905 9.3226 inline
73.6207 391.933 16.1081 9.3226 test.
95.2787 391.933 15.4361 9.3226 The
116.386 391.933 21.9294 9.3226 metal
143.956 391.933 20.2772 9.3226 stack
169.823 391.933 15.2243 9.3226 will
190.796 391.933 45.0577 9.3226 incorporate
241.525 391.933 29.6484 9.3226 slightly
276.764 391.933 20.4154 9.3226 more

45.3590 402.849 29.0331 9.3226 oxygen
77.3774 402.849 21.2375 9.3226 when
101.600 402.849 26.2904 9.3226 wafers
130.624 402.849 16.9053 9.3226 wait
150.395 402.849 25.2993 9.3226 longer
178.380 402.849 25.2765 9.3226 before
206.444 402.849 44.0765 9.3226 subsequent
253.159 402.849 43.9652 9.3226 polysilicon

45.3590 413.766 43.5884 9.3226 deposition.
94.1375 413.766 15.4589 9.3226 The
114.906 413.766 28.4645 9.3226 finding
148.612 413.766 15.2691 9.3226 was
169.122 413.766 40.6857 9.3226 confirmed
215.047 413.766 10.0104 9.3226 by
230.168 413.766 43.4423 9.3226 connecting
278.851 413.766 5.4883 9.3226 it
289.502 413.766 7.6166 9.3226 to

45.3590 424.682 20.3985 9.3226 other
70.2677 424.682 49.9466 9.3226 observations
124.605 424.682 8.3493 9.3226 of
137.324 424.682 22.3966 9.3226 inline
164.111 424.682 52.7071 9.3226 measurement
221.329 424.682 14.3356 9.3226 and
240.174 424.682 13.6706 9.3226 test
258.287 424.682 18.9392 9.3226 data.
281.617 424.682 15.4579 9.3226 The

45.3590 435.599 19.6788 9.3226 yield
70.1504 435.599 23.6690 9.3226 signal
98.8435 435.599 15.2651 9.3226 was
119.132 435.599 24.1581 9.3226 traced
148.403 435.599 7.6097 9.3226 to
161.125 435.599 4.4137 9.3226 a
170.484 435.599 24.2049 9.3226 defect
199.713 435.599 44.9950 9.3226 mechanism
249.574 435.599 38.0743 9.3226 involving
292.673 435.599 4.4137 9.3226 a

45.3590 446.515 25.9236 9.3226 failure
76.5900 446.515 7.6117 9.3226 to
89.4276 446.515 29.7041 9.3226 remove
124.558 446.515 36.8008 9.3226 gatestack
166.465 446.515 32.5651 9.3226 material
204.308 446.515 19.2404 9.3226 from
228.776 446.515 4.4137 9.3226 a
238.497 446.515 20.3826 9.3226 divot
264.038 446.515 33.0313 9.3226 between

45.3590 457.431 26.4207 9.3226 silicon
74.1317 457.431 14.3207 9.3226 and
90.9545 457.431 17.2533 9.3226 STI.

59.7632 474.353 15.4639 9.3226 The
78.7303 474.353 21.4642 9.3226 value
103.578 474.353 8.3523 9.3226 of
115.213 474.353 44.4960 9.3226 datamining
163.290 474.353 13.7571 9.3226 lies
180.378 474.353 7.7170 9.3226 in
191.676 474.353 11.9638 9.3226 the
207.143 474.353 38.4838 9.3226 discovery
249.058 474.353 8.3523 9.3226 of
260.822 474.353 12.1139 9.3226 the
276.320 474.353 20.8290 9.3226 exact

45.3590 485.269 20.3926 9.3226 point
69.6215 485.269 8.3095 9.3226 of
81.7006 485.269 22.0507 9.3226 cause
107.622 485.269 8.3095 9.3226 of
119.701 485.269 4.4137 9.3226 a
127.985 485.269 24.2506 9.3226 defect
156.076 485.269 14.2124 9.3226 and
174.278 485.269 12.0055 9.3226 the
190.273 485.269 45.0895 9.3226 mechanism
239.153 485.269 9.9696 9.3226 by
253.032 485.269 24.0786 9.3226 which
281.019 485.269 5.5559 9.3226 it
290.564 485.269 6.6593 9.3226 is

45.3590 496.186 31.0352 9.3226 created.
82.1857 496.186 20.0267 9.3226 With
108.043 496.186 14.3585 9.3226 this
128.251 496.186 45.7635 9.3226 knowledge,
179.925 496.186 11.3703 9.3226 we
197.328 496.186 19.1480 9.3226 were
222.378 496.186 16.5653 9.3226 able
244.857 496.186 7.6166 9.3226 to
258.304 496.186 23.6074 9.3226 create
287.705 496.186 9.4060 9.3226 an

45.3590 507.102 34.7172 9.3226 effective
82.7414 507.102 29.6256 9.3226 process
115.097 507.102 10.9727 9.3226 fix
128.783 507.102 7.6097 9.3226 to
139.225 507.102 36.8088 9.3226 eliminate
178.699 507.102 12.1258 9.3226 the
193.489 507.102 24.1989 9.3226 defect
220.353 507.102 14.3326 9.3226 and
237.351 507.102 30.2151 9.3226 achieve
270.231 507.102 4.4137 9.3226 a
277.430 507.102 19.7603 9.3226 yield

45.3590 518.019 29.9596 9.3226 benefit.

400.076 55.7757 81.4424 9.3226 ACKNOWLEDGMENT

329.397 70.9481 15.4540 9.3226 The
347.520 70.9481 29.1593 9.3226 authors
379.396 70.9481 24.6094 9.3226 would
406.723 70.9481 14.7830 9.3226 like
424.222 70.9481 7.6137 9.3226 to
434.543 70.9481 21.8588 9.3226 thank
459.119 70.9481 9.6774 9.3226 D.
471.473 70.9481 23.0308 9.3226 Riggs
497.221 70.9481 14.2114 9.3226 and
514.258 70.9481 7.8781 9.3226 S.
524.813 70.9481 27.4436 9.3226 Kaldor
555.063 70.9481 11.5055 9.3226 for

314.992 81.8642 18.1599 9.3226 their
335.626 81.8642 29.6455 9.3226 support
367.626 81.8642 8.3473 9.3226 of
378.301 81.8642 14.2303 9.3226 this
395.005 81.8642 22.7505 9.3226 work.

414.957 118.706 51.6156 9.3226 REFERENCES

315.000 145.291 9.3951 7.5254 [1]
332.999 145.291 9.4119 7.5254 “A
345.256 145.291 12.9299 7.5254 cost
361.234 145.291 27.9582 7.5254 effective
392.113 145.291 18.3408 7.5254 32nm
413.454 145.291 24.7941 7.5254 high-K/
441.304 145.291 17.7181 7.5254 metal
461.950 145.291 13.4146 7.5254 gate
478.284 145.291 22.6933 7.5254 CMOS
503.952 145.291 35.5493 7.5254 technology
542.331 145.291 9.2731 7.5254 for
554.571 145.291 12.1475 7.5254 low

332.999 154.288 19.9433 7.5254 power
357.828 154.288 38.7599 7.5254 applications
401.504 154.288 14.2226 7.5254 with
420.596 154.288 70.6678 7.5254 single-metal/gate-first
496.117 154.288 35.3584 7.5254 process”X.
536.305 154.288 19.1513 7.5254 Chen;
560.431 154.288 6.3201 7.5254 S.

332.999 163.284 41.3687 7.5254 Samavedam;
377.058 163.284 7.7477 7.5254 V.
387.393 163.284 36.7610 7.5254 Narayanan;
426.844 163.284 7.6457 7.5254 K.
437.162 163.284 18.6867 7.5254 Stein;
458.418 163.284 7.4066 7.5254 C.
468.377 163.284 23.0889 7.5254 Hobbs;
494.035 163.284 7.3063 7.5254 C.
503.893 163.284 28.5199 7.5254 Baiocco;
535.001 163.284 9.4464 7.5254 W.
547.119 163.284 9.1913 7.5254 Li;
559.001 163.284 7.7477 7.5254 D.

332.999 172.280 22.2945 7.5254 Jaeger,
357.846 172.280 9.2025 7.5254 M.
369.600 172.280 25.7570 7.5254 Zaleski;
397.806 172.280 7.7661 7.5254 H.
408.004 172.280 6.4421 7.5254 S.
416.877 172.280 19.5068 7.5254 Yang;
438.953 172.280 7.7661 7.5254 N.
449.151 172.280 16.3957 7.5254 Kim;
467.995 172.280 7.7661 7.5254 Y.
478.313 172.280 13.9987 7.5254 Lee;
494.882 172.280 7.7661 7.5254 D.
505.199 172.280 22.6235 7.5254 Zhang;
530.272 172.280 6.6860 7.5254 L.
539.510 172.280 19.5068 7.5254 Kang;
561.586 172.280 5.1261 7.5254 J.

332.999 181.277 19.1625 7.5254 Chen;
354.610 181.277 7.7372 7.5254 H.
364.778 181.277 26.6317 7.5254 Zhuang;
393.747 181.277 7.6441 7.5254 A.
403.822 181.277 24.5245 7.5254 Sheikh;
430.684 181.277 5.1244 7.5254 J.
438.239 181.277 27.8009 7.5254 Wallner;
468.488 181.277 9.0773 7.5254 M.
479.996 181.277 30.6728 7.5254 Aquilino;
513.006 181.277 5.1244 7.5254 J.
520.562 181.277 15.4215 7.5254 Han;
538.431 181.277 6.8465 7.5254 Z.
547.708 181.277 11.5906 7.5254 Jin;
561.627 181.277 5.1244 7.5254 J.

332.999 190.274 9.1969 7.5254 Li;
345.009 190.274 7.6417 7.5254 G.
355.327 190.274 26.7192 7.5254 Massey;
384.738 190.274 6.4469 7.5254 S.
393.861 190.274 23.6097 7.5254 Kalpat;
420.163 190.274 7.4106 7.5254 R.
430.266 190.274 12.5624 7.5254 Jha,
445.504 190.274 7.7621 7.5254 N.
455.822 190.274 31.1222 7.5254 Moumen;
489.637 190.274 7.4106 7.5254 R.
499.619 190.274 13.3768 7.5254 Mo;
515.688 190.274 6.4469 7.5254 S.
524.811 190.274 31.5034 7.5254 Kirshnan;
559.007 190.274 7.7621 7.5254 X.

332.999 199.271 21.3163 7.5254 Wang;
357.009 199.271 9.0869 7.5254 M.
368.652 199.271 29.3801 7.5254 Chudzik;
400.606 199.271 9.2065 7.5254 M.
412.368 199.271 39.8023 7.5254 Chowdhury;
454.864 199.271 7.7469 7.5254 D.
465.287 199.271 16.3724 7.5254 Nair;
484.233 199.271 7.4026 7.5254 C.
494.191 199.271 22.7623 7.5254 Reddy,
519.630 199.271 7.7469 7.5254 Y.
530.053 199.271 9.4505 7.5254 W.
542.180 199.271 14.5950 7.5254 Teh;
559.348 199.271 7.4026 7.5254 C.

332.999 208.266 53.3244 7.5254 Kothandaraman;
389.497 208.266 7.7469 7.5254 D.
400.399 208.266 37.2802 7.5254 Coolbaugh;
440.852 208.266 6.4148 7.5254 S.
450.422 208.266 25.5372 7.5254 Pandey;
479.132 208.266 7.7469 7.5254 D.
490.034 208.266 28.0665 7.5254 Tekleab;
521.273 208.266 7.6409 7.5254 A.
532.190 208.266 22.3025 7.5254 Thean;
557.545 208.266 9.2057 7.5254 M.

332.999 217.263 28.7357 7.5254 Sherony;
364.544 217.263 7.4154 7.5254 C.
374.631 217.263 18.0680 7.5254 Lage;
395.516 217.263 5.1269 7.5254 J.
403.314 217.263 31.1214 7.5254 Sudijono;
437.124 217.263 7.2862 7.5254 R.
447.202 217.263 27.7848 7.5254 Lindsay;
477.804 217.263 5.1261 7.5254 J.
485.601 217.263 7.7661 7.5254 H.
496.039 217.263 11.9469 7.5254 Ku;
510.682 217.263 9.1969 7.5254 M.
522.550 217.263 19.5389 7.5254 Khare
544.770 217.263 11.4526 7.5254 and
559.039 217.263 7.6457 7.5254 A.

332.999 226.139 27.3788 7.5254 Steegen,
362.452 226.139 2.0061 7.5254 ,
366.413 226.139 16.0065 7.5254 2008
384.525 226.139 38.1332 7.5254 Symposium
424.694 226.139 7.9699 7.5254 on
434.650 226.139 17.7719 7.5254 VLSI
454.311 226.139 40.0527 7.5254 Technology,
496.438 226.139 10.1638 7.5254 pp.
508.556 226.139 18.6241 7.5254 88-89
529.287 226.139 23.2189 7.5254 (2008).

315.000 237.781 9.3951 7.5254 [2]
333.000 237.781 44.1331 7.5254 “Mechanisms
380.129 237.781 25.3823 7.5254 limiting
408.460 237.781 15.6157 7.5254 EOT
427.099 237.781 22.7735 7.5254 scaling
452.821 237.781 11.5890 7.5254 and
467.582 237.781 13.2894 7.5254 gate
483.910 237.781 24.4667 7.5254 leakage
511.416 237.781 25.7891 7.5254 currents
540.202 237.781 6.6339 7.5254 of
549.921 237.781 16.9638 7.5254 high-

333.000 246.778 24.0855 7.5254 k/metal
360.136 246.778 13.4138 7.5254 gate
376.592 246.778 19.6849 7.5254 stacks
399.275 246.778 24.4466 7.5254 directly
426.666 246.778 7.9691 7.5254 on
437.820 246.778 16.0338 7.5254 SiGe
457.016 246.778 11.5898 7.5254 and
471.783 246.778 3.5629 7.5254 a
478.388 246.778 23.9379 7.5254 method
505.511 246.778 6.3008 7.5254 to
514.876 246.778 20.8485 7.5254 enable
538.767 246.778 28.0504 7.5254 sub-1nm

333.000 255.775 21.1044 7.5254 EOT”,
356.658 255.775 5.1614 7.5254 J.
364.373 255.775 23.3176 7.5254 Huang,
390.244 255.775 14.1167 7.5254 P.D.
406.914 255.775 23.2309 7.5254 Kirsch,
432.698 255.775 5.1614 7.5254 J.
440.413 255.775 11.7174 7.5254 Oh,
454.563 255.775 16.8787 7.5254 S.-H.
473.995 255.775 13.9000 7.5254 Lee,
490.449 255.775 5.1614 7.5254 J.
498.164 255.775 18.4315 7.5254 Price,
519.148 255.775 6.4437 7.5254 P.
528.025 255.775 21.1630 7.5254 Majhi,
551.742 255.775 14.9609 7.5254 H.R.

333.000 264.772 22.0120 7.5254 Harris,
357.202 264.772 15.0772 7.5254 D.C.
374.357 264.772 24.4507 7.5254 Gilmer,
400.997 264.772 13.5879 7.5254 D.Q
416.710 264.772 19.5381 7.5254 Kelly,
438.438 264.772 6.4324 7.5254 P.
447.060 264.772 49.5786 7.5254 Sivasubramani,
498.829 264.772 7.6433 7.5254 G.
508.542 264.772 30.8919 7.5254 Bersuker,
541.511 264.772 7.7645 7.5254 D.
551.466 264.772 15.2233 7.5254 Heh,

333.000 273.768 7.4074 7.5254 C.
344.760 273.768 23.8576 7.5254 Young,
372.850 273.768 13.8752 7.5254 C.S.
391.077 273.768 16.6380 7.5254 Park,
412.068 273.768 15.5667 7.5254 Y.N.
431.987 273.768 14.4890 7.5254 Tan,
450.708 273.768 7.7669 7.5254 N.
462.948 273.768 17.3698 7.5254 Goel,
484.791 273.768 7.4074 7.5254 C.
496.551 273.768 16.6380 7.5254 Park,
517.541 273.768 14.2347 7.5254 P.Y.
536.128 273.768 19.7804 7.5254 Hung,
560.261 273.768 6.4348 7.5254 P.

333.000 282.764 27.7977 7.5254 Lysaght,
363.350 282.764 12.7983 7.5254 K.J.
378.701 282.764 17.6170 7.5254 Choi,
398.871 282.764 12.4388 7.5254 B.J.
413.862 282.764 15.3372 7.5254 Cho,
431.752 282.764 18.1386 7.5254 H.-H.
452.323 282.764 21.4615 7.5254 Tseng,
476.337 282.764 15.1848 7.5254 B.H.
494.074 282.764 13.9201 7.5254 Lee,
510.547 282.764 7.4074 7.5254 R.
520.507 282.764 25.0517 7.5254 Jammy,
550.631 282.764 16.0033 7.5254 2008

333.000 291.648 38.2761 7.5254 Symposium
373.318 291.648 7.9683 7.5254 on
383.390 291.648 17.6330 7.5254 VLSI
402.910 291.648 38.3298 7.5254 Technology
443.103 291.648 23.4636 7.5254 (2008).

315.001 303.171 9.3951 7.5254 [3]
333.001 303.171 9.4079 7.5254 ”A
345.489 303.171 24.5357 7.5254 Unified
373.316 303.171 36.6704 7.5254 Framework
413.278 303.171 9.2715 7.5254 for
425.759 303.171 22.7158 7.5254 Outlier
451.685 303.171 31.1551 7.5254 Detection
486.011 303.171 6.2944 7.5254 in
495.491 303.171 18.2349 7.5254 Trace
516.889 303.171 15.2040 7.5254 Data
535.255 303.171 31.3967 7.5254 Analysis”

333.001 312.167 23.2181 7.5254 Zhiguo
360.970 312.167 8.9706 7.5254 Li,
374.771 312.167 12.5607 7.5254 R.J.
392.042 312.167 31.3044 7.5254 Baseman,
428.177 312.167 7.7420 7.5254 Y.
440.662 312.167 14.8413 7.5254 Zhu,
460.245 312.167 14.1151 7.5254 F.A.
479.191 312.167 17.1291 7.5254 Tipu,
501.151 312.167 7.7420 7.5254 N.
513.724 312.167 25.0140 7.5254 Slonim,
543.448 312.167 11.6002 7.5254 and
559.791 312.167 6.6916 7.5254 L.

333.001 321.163 40.2726 7.5254 Shpigelman,
379.196 321.163 17.1869 7.5254 IEEE
402.305 321.163 41.0477 7.5254 Transactions
449.224 321.163 7.8496 7.5254 on
463.019 321.163 48.4206 7.5254 Semiconductor
517.288 321.163 49.5136 7.5254 Manufacturing,

333.001 330.039 27.8755 7.5254 Volume:
362.851 330.039 10.1574 7.5254 27,
375.080 330.039 18.5470 7.5254 Issue:
395.595 330.039 4.0122 7.5254 1
401.711 330.039 10.0290 7.5254 pp.
413.715 330.039 7.9595 7.5254 95
423.777 330.039 2.6722 7.5254 -
428.336 330.039 13.9763 7.5254 103,
444.383 330.039 28.8834 7.5254 (2014).”,

315.002 341.681 9.3951 7.5254 [4]
333.002 341.681 19.0309 7.5254 “VFB
355.078 341.681 25.7089 7.5254 Roll-off
383.752 341.681 6.2968 7.5254 in
393.103 341.681 18.1627 7.5254 HfO2
414.214 341.681 15.0853 7.5254 Gate
432.217 341.681 17.8353 7.5254 Stack
452.986 341.681 14.6905 7.5254 after
470.642 341.681 16.0153 7.5254 High
489.727 341.681 40.7725 7.5254 Temperature
533.417 341.681 33.3940 7.5254 Annealing

333.002 350.678 29.9506 7.5254 Process”,
365.155 350.678 7.6401 7.5254 K.
375.110 350.678 31.3268 7.5254 Akiyama,
408.640 350.678 9.4488 7.5254 W.
420.404 350.678 21.0611 7.5254 Wang,
443.668 350.678 9.4480 7.5254 W.
455.431 350.678 43.3371 7.5254 Mizubayashi,
500.850 350.678 9.1824 7.5254 M.
512.235 350.678 19.6488 7.5254 Ikeda,
534.087 350.678 7.7605 7.5254 H.
544.042 350.678 13.6489 7.5254 Ota,
559.894 350.678 6.8080 7.5254 T.

333.002 359.675 32.6156 7.5254 Nabatame
367.578 359.675 11.4590 7.5254 and
381.116 359.675 7.6449 7.5254 A.
390.832 359.675 28.2920 7.5254 Toriumi,
421.083 359.675 16.0145 7.5254 2007
439.200 359.675 17.1708 7.5254 IEEE
458.450 359.675 38.2592 7.5254 Symposium
498.789 359.675 7.9756 7.5254 on
508.755 359.675 17.7863 7.5254 VLSI
528.428 359.675 38.2809 7.5254 Technology

333.002 368.551 23.3706 7.5254 (2007).

315.003 380.193 9.3951 7.5254 [5]
333.003 380.193 19.5019 7.5254 “High
355.680 380.193 40.9049 7.5254 Performance
399.624 380.193 38.6027 7.5254 pMOSFETs
441.344 380.193 19.2428 7.5254 Using
463.657 380.193 48.3027 7.5254 Si/Si1-xGex/Si
515.127 380.193 29.8913 7.5254 Quantum
548.139 380.193 18.4868 7.5254 Wells

333.003 389.190 14.2274 7.5254 with
349.927 389.190 43.6412 7.5254 High-k/Metal
396.138 389.190 15.0949 7.5254 Gate
413.794 389.190 20.9953 7.5254 Stacks
437.307 389.190 11.5657 7.5254 and
451.450 389.190 28.0256 7.5254 Additive
482.037 389.190 27.7110 7.5254 Uniaxial
512.317 389.190 19.1416 7.5254 Strain
534.156 389.190 9.2683 7.5254 for
545.912 389.190 8.0815 7.5254 22
556.577 389.190 10.1991 7.5254 nm

333.003 398.186 38.2151 7.5254 Technology
375.244 398.186 22.9990 7.5254 Node”,
402.479 398.186 6.4453 7.5254 S.
413.159 398.186 29.1305 7.5254 Suthram,
446.525 398.186 6.3257 7.5254 P.
456.966 398.186 21.2120 7.5254 Majhi,
482.293 398.186 7.6409 7.5254 G.
494.169 398.186 14.4842 7.5254 Sun,
512.889 398.186 6.4453 7.5254 P.
523.569 398.186 19.6456 7.5254 Kalra,
547.450 398.186 7.7613 7.5254 H.
559.326 398.186 7.4098 7.5254 R.

333.003 407.182 22.0465 7.5254 Harris,
357.960 407.182 7.6449 7.5254 K.
368.517 407.182 5.1252 7.5254 J.
376.433 407.182 17.6041 7.5254 Choi,
396.948 407.182 7.7653 7.5254 D.
407.625 407.182 15.2120 7.5254 Heh,
425.748 407.182 5.1252 7.5254 J.
433.785 407.182 11.7206 7.5254 Oh,
448.296 407.182 7.7653 7.5254 D.
458.973 407.182 19.5308 7.5254 Kelly,
481.415 407.182 7.4058 7.5254 R.
491.732 407.182 17.6041 7.5254 Choi,
512.127 407.182 12.5632 7.5254 B.J.
527.481 407.182 15.3244 7.5254 Cho,
545.596 407.182 9.2025 7.5254 M.
557.590 407.182 9.0813 7.5254 M.

333.003 416.179 27.7937 7.5254 Hussain,
363.229 416.179 7.3031 7.5254 C.
372.965 416.179 21.0715 7.5254 Smith,
396.470 416.179 6.4124 7.5254 S.
405.195 416.179 30.3671 7.5254 Banerjee,
437.995 416.179 9.4464 7.5254 W.
449.875 416.179 15.9278 7.5254 Tsai,
468.235 416.179 6.3225 7.5254 S.
476.991 416.179 6.9276 7.5254 E.
486.231 416.179 36.1905 7.5254 Thompson,
524.855 416.179 7.7444 7.5254 H.
535.032 416.179 7.7444 7.5254 H.
545.121 416.179 21.4615 7.5254 Tseng,

333.003 425.176 11.5761 7.5254 and
347.256 425.176 7.3962 7.5254 R.
357.330 425.176 25.0132 7.5254 Jammy,
385.021 425.176 15.9888 7.5254 2007
403.834 425.176 17.1829 7.5254 IEEE
423.815 425.176 40.8030 7.5254 International
467.187 425.176 27.0707 7.5254 Electron
496.961 425.176 25.6912 7.5254 Devices
525.330 425.176 28.6948 7.5254 Meeting,
556.696 425.176 10.0451 7.5254 pp.

333.003 434.052 14.7908 7.5254 727-
349.685 434.052 12.0512 7.5254 730
363.844 434.052 23.2502 7.5254 (2007).

315.004 445.694 9.3951 7.5254 [6]
333.003 445.694 34.4123 7.5254 “Reducing
371.446 445.694 26.6855 7.5254 airborne
402.274 445.694 32.0162 7.5254 molecular
438.313 445.694 45.8038 7.5254 contamination
488.259 445.694 8.0879 7.5254 by
500.378 445.694 26.5868 7.5254 efficient
531.093 445.694 24.9666 7.5254 purging
560.203 445.694 6.6266 7.5254 of

333.003 454.690 23.4171 7.5254 FOUPs
361.677 454.690 9.3903 7.5254 for
376.324 454.690 27.2151 7.5254 300-mm
408.796 454.690 33.6965 7.5254 wafers-the
447.694 454.690 29.9025 7.5254 influence
482.799 454.690 6.6611 7.5254 of
494.717 454.690 29.4098 7.5254 materials
529.263 454.690 37.5466 7.5254 properties”,

333.003 463.687 35.3359 7.5254 Frickinger,
373.907 463.687 7.3890 7.5254 J.;
386.745 463.687 23.6033 7.5254 Bugler,
415.917 463.687 7.3890 7.5254 J.;
428.875 463.687 30.4450 7.5254 Zielonka,
464.889 463.687 9.9087 7.5254 G.;
480.367 463.687 27.3106 7.5254 Pfitzner,
513.230 463.687 8.9489 7.5254 L.;
527.748 463.687 23.2478 7.5254 Ryssel,
556.564 463.687 10.0290 7.5254 H.;

333.003 472.684 37.6437 7.5254 Hollemann,
374.764 472.684 8.7146 7.5254 S.;
387.612 472.684 33.9043 7.5254 Schneider,
425.771 472.684 9.8059 7.5254 H.,
439.693 472.684 17.2695 7.5254 IEEE
461.185 472.684 40.9362 7.5254 Transactions
506.316 472.684 7.8528 7.5254 on
518.438 472.684 48.4287 7.5254 Semiconductor

333.003 481.560 49.6259 7.5254 Manufacturing,
384.701 481.560 13.8720 7.5254 Vol.
400.525 481.560 8.0887 7.5254 13
410.597 481.560 2.0061 7.5254 ,
414.555 481.560 10.0378 7.5254 pp.
426.544 481.560 12.0440 7.5254 427
440.571 481.560 4.0122 7.5254 –
446.566 481.560 13.9931 7.5254 433,
464.551 481.560 17.9484 7.5254 2000.

315.004 493.202 9.3951 7.5254 [7]
333.004 493.202 24.7997 7.5254 “Defect
360.137 493.202 32.9149 7.5254 Reduction
395.384 493.202 8.0775 7.5254 by
405.569 493.202 28.3722 7.5254 Nitrogen
436.274 493.202 18.6802 7.5254 Purge
457.287 493.202 6.6322 7.5254 of
466.283 493.202 19.8317 7.5254 Wafer
488.358 493.202 38.8803 7.5254 Carriers,”R.
529.571 493.202 11.5721 7.5254 van
543.356 493.202 23.3794 7.5254 Roijen,

333.004 502.198 6.4413 7.5254 P.
342.357 502.198 18.4507 7.5254 Joshi,
363.598 502.198 5.1252 7.5254 J.
371.514 502.198 20.9744 7.5254 Ayala,
395.400 502.198 7.7653 7.5254 D.
405.956 502.198 22.6548 7.5254 Bailey,
431.523 502.198 6.4413 7.5254 S.
440.875 502.198 19.7716 7.5254 Conti,
463.438 502.198 9.4456 7.5254 W.
475.674 502.198 29.1346 7.5254 Brennan,
507.720 502.198 6.3217 7.5254 P.
516.953 502.198 23.5190 7.5254 Findeis
543.229 502.198 11.5705 7.5254 and
557.510 502.198 9.2017 7.5254 M.

333.004 511.195 36.3229 7.5254 Steigerwalt
377.409 511.195 17.1869 7.5254 IEEE
397.278 511.195 41.0566 7.5254 Transactions
440.967 511.195 7.9699 7.5254 on
451.523 511.195 48.5386 7.5254 Semiconductor
502.671 511.195 49.5136 7.5254 Manufacturing.
554.858 511.195 11.9421 7.5254 Vol

333.004 520.071 10.0354 7.5254 27,
347.054 520.071 10.0451 7.5254 pp.
359.073 520.071 28.7157 7.5254 364-369,
389.741 520.071 17.9717 7.5254 2014.

297.660 746.000 16.6800 10.0000 319

503.540 744.450 29.4370 11.1600 ASMC
535.758 744.450 22.2370 11.1600 2017

76.0600 778.234 33.4600 6.4750 Authorized
111.466 778.234 25.6760 6.4750 licensed
139.088 778.234 11.2840 6.4750 use
152.318 778.234 20.2230 6.4750 limited
174.487 778.234 7.7840 6.4750 to:
184.217 778.234 50.1830 6.4750 Fernuniversitaet
236.346 778.234 22.5680 6.4750 Hagen.
260.860 778.234 38.9060 6.4750 Downloaded
301.712 778.234 7.7840 6.4750 on
311.442 778.234 24.8990 6.4750 October
338.287 778.234 25.2980 6.4750 11,2022
365.531 778.234 5.8380 6.4750 at
373.315 778.234 27.2440 6.4750 16:15:53
402.505 778.234 14.3850 6.4750 UTC
418.836 778.234 14.0000 6.4750 from
434.782 778.234 15.9530 6.4750 IEEE
452.681 778.234 22.1760 6.4750 Xplore.
478.749 778.234 36.5610 6.4750 Restrictions
517.256 778.234 18.6760 6.4750 apply.
